2096 3246
308 987 362 1011 IIis
392 994 506 1012 conver-

309 1020 398 1044 sation
414 1021 482 1045 with

309 1054 467 1085 vortigern.

527 275 584 315 32
887 286 1112 314 llls'roRm
1151 284 1415 321 ssm'roNUM,

528 389 656 429 ecce!
690 388 779 428 duo
800 388 917 429 inter
944 402 992 429 se
1019 389 1279 441 litigabant,
1301 395 1346 428 et
1365 388 1482 427 dixit
1508 387 1624 427 alter
1644 387 1791 435 alteri,

528 458 538 473 ‘
560 454 599 494 O
639 454 773 495 homo
804 455 901 495 sine
932 460 1077 507 patre,
1115 456 1280 495 bonum
1313 467 1404 493 non
1434 453 1651 493 habebis?
1727 451 1792 492 At

526 520 593 560 illi
613 520 667 560 de
691 534 831 573 puero
848 521 903 560 ad
924 533 1087 573 pueros
1103 520 1345 571 diligenter
1360 519 1791 572 percunctabantur,

527 591 573 626 et
603 591 871 627 cunctantes
906 592 1094 626 matrem
1128 586 1166 625 si
1197 591 1372 638 patrem
1404 585 1606 633 haberet,
1638 590 1683 624 et
1714 585 1792 624 illa

527 653 713 704 negavit
745 658 789 692 et
818 652 949 701 dixit,
973 655 984 672 ‘
1002 652 1170 693 Nescio
1201 650 1427 704 quomodo
1458 652 1502 691 in
1536 656 1664 690 utero
1690 663 1790 690 meo
1830 660 1848 687 5

526 724 774 771 conceptus
816 723 900 767 est,
937 718 1015 757 sed
1048 731 1187 757 unum
1223 718 1332 766 scio,
1364 717 1472 769 quia
1511 717 1657 757 virum
1699 730 1790 756 non

525 785 720 836 cognovi
761 784 1005 836 unquam3’
1051 789 1097 824 et
1133 784 1309 837 juravit
1351 783 1440 822 illis
1481 787 1657 835 patrem
1698 795 1789 822 non

524 849 705 890 habere.
778 850 838 890 Et
868 850 934 889 illi
965 863 1066 889 eum
1108 862 1260 889 secum
1294 849 1524 889 duxerunt
1555 861 1698 901 usque
1731 847 1787 888 ad

526 913 907 966 Guorthigirnum
929 929 1081 966 regem
1104 920 1149 955 et
1170 928 1272 954 eum
1294 916 1643 955 insinuaverunt
1669 914 1779 966 regi.

593 980 614 1033 ξ
645 980 715 1020 42.
756 980 818 1019 Et
851 981 897 1019 in
931 980 1132 1020 crastino
1170 981 1412 1020 conventio
1454 980 1577 1020 sacta
1615 985 1700 1028 est,
1737 985 1789 1020 ut
1808 989 1847 1016 10

524 1058 636 1098 puer
656 1045 1000 1086 interficeretur.
1073 1045 1132 1085 Et
1152 1058 1264 1098 puer
1283 1046 1401 1085 dixit
1421 1046 1533 1097 regi,
1557 1049 1568 1065 ‘
1586 1044 1680 1084 Cur
1702 1045 1788 1084 viri

526 1112 590 1152 tui
611 1125 681 1151 me
698 1111 754 1152 ad
775 1117 819 1152 te
835 1111 1096 1152 detulerunt
1112 1111 1146 1151 Τ
1219 1111 1305 1152 Cui
1325 1124 1406 1151 rex
1428 1111 1508 1159 ait,
1531 1114 1542 1131 ‘
1563 1110 1629 1150 Ut
1647 1111 1786 1150 inter-

524 1178 705 1227 ficiariS,
731 1183 777 1218 et
806 1178 993 1229 sanguis
1016 1183 1122 1218 tuus
1148 1177 1268 1218 circa
1298 1190 1447 1217 arcem
1468 1177 1604 1217 istam
1632 1189 1787 1229 asper-

524 1249 671 1296 getur,
693 1248 744 1284 ut
770 1245 915 1297 possit
941 1243 1186 1284 aedificari?
1259 1243 1517 1296 Respondit
1541 1255 1655 1296 puer
1674 1243 1786 1295 regi,

525 1313 536 1330 ‘
559 1310 675 1360 Quis
725 1311 807 1350 tibi
857 1310 1176 1350 monstravitT’
1281 1309 1341 1350 Et
1407 1309 1640 1362 respondit
1689 1322 1787 1358 rex,
1806 1323 1846 1351 15

460 1428 463 1429 ⁷
524 1379 535 1395 ‘
562 1376 693 1428 Magi
744 1377 832 1416 mei
881 1376 991 1415 mihi
1036 1376 1282 1416 dixerunt?
1386 1375 1445 1416 Et
1499 1388 1612 1427 puer
1653 1374 1786 1423 dixit,

524 1444 535 1461 ‘
561 1440 635 1481 Ad
675 1455 746 1482 me
785 1446 1007 1482 vocentur
1024 1442 1050 1492 ς’
1102 1446 1147 1481 et
1194 1442 1377 1482 invitati
1424 1446 1531 1481 sunt
1582 1441 1706 1493 magi
1742 1448 1788 1481 et

523 1520 637 1559 puer
654 1507 745 1547 illis
766 1507 899 1557 dixit,
922 1513 931 1528 ‘
953 1506 1069 1557 Quis
1097 1507 1318 1548 revelavit
1345 1507 1490 1556 vobis,
1513 1511 1565 1546 ut
1591 1506 1681 1546 ista
1701 1519 1787 1546 arx

525 1585 553 1612 a
573 1574 795 1626 sanguine
826 1587 927 1614 meo
962 1578 1296 1626 aspergeretur,
1328 1578 1373 1614 et
1400 1573 1486 1612 nisi
1515 1577 1788 1625 aspergatur

525 1652 552 1679 a
565 1641 787 1692 sanguine
803 1654 902 1680 meo
918 1640 964 1680 in
982 1645 1202 1680 aeternum
1216 1653 1307 1680 non
1322 1638 1650 1680 aedificabitur?
1698 1638 1785 1679 Sed
1804 1651 1846 1680 20

524 1705 609 1746 hoc
645 1719 934 1758 cognoscam,
965 1707 1066 1758 quis
1102 1706 1230 1746 vobis
1261 1706 1315 1745 de
1348 1719 1419 1745 me
1449 1704 1601 1757 palam
1632 1704 1786 1745 secit‘?'

527 1771 699 1812 Iterum
720 1785 833 1825 puer
852 1772 984 1821 dixit,
1006 1776 1017 1792 ‘
1034 1771 1176 1812 Modo
1208 1772 1305 1820 tibi,
1329 1771 1367 1811 O
1390 1784 1488 1820 rex,
1511 1771 1785 1825 elucubrabo

525 1842 570 1877 et
608 1838 655 1877 in
691 1839 885 1878 veritate
921 1838 1003 1878 tibi
1043 1838 1196 1877 omnia
1226 1842 1464 1889 sataga1n3
1514 1836 1592 1876 sed
1626 1849 1785 1889 magos

524 1908 628 1943 tuos
649 1909 921 1956 percunctor
939 1903 1047 1955 quid
1067 1904 1112 1942 in
1135 1904 1398 1955 pavimento
1425 1902 1556 1943 istius
1576 1902 1665 1942 loci
1684 1904 1784 1943 est?

527 1969 688 2009 Placet
709 1969 833 2018 mihi,
854 1974 905 2009 ut
925 1969 1170 2009 ostendant
1186 1969 1268 2008 tibi
1289 1968 1397 2021 quid
1419 1969 1502 2008 sub
1523 1968 1786 2020 pavimento
1804 1980 1844 2008 25

524 2035 747 2076 habetur?
846 2034 912 2075 At
949 2035 1015 2074 illi
1053 2034 1282 2084 dixerunt,
1325 2038 1336 2055 ‘
1358 2034 1633 2074 Nescimus?
1727 2033 1788 2075 Et

523 2101 598 2141 ille
627 2102 759 2150 dixit,
794 2104 806 2122 ‘
826 2100 1106 2153 Compei-ior,
1143 2106 1357 2153 stagnum
1390 2101 1437 2140 in
1474 2100 1622 2140 medio
1656 2101 1785 2152 pavi-

523 2168 665 2208 menti
707 2173 791 2218 est,
833 2168 985 2208 venite
1026 2172 1071 2207 et
1114 2166 1269 2216 fodite,
1313 2172 1359 2207 et
1412 2167 1476 2206 sic
1513 2166 1786 2206 invenietis.'

524 2233 765 2274 Venerunt
783 2238 828 2274 et
848 2232 1076 2282 foderunt,
1099 2238 1144 2273 et
1164 2233 1263 2273 fuit.
1336 2233 1396 2273 Et
1417 2246 1529 2285 puer
1552 2232 1608 2272 ad
1628 2244 1786 2284 magos

523 2299 655 2349 dixit,
689 2299 930 2340 ‘Proferte
960 2299 1085 2347 mihi,
1131 2299 1238 2351 quid
1278 2303 1348 2338 est
1385 2298 1431 2337 in
1471 2302 1636 2349 stagno
1653 2297 1687 2337 Τ
1741 2303 1787 2338 et
1806 2307 1846 2335 30

523 2365 762 2414 siluerunt,
784 2370 829 2405 et
857 2378 948 2405 non
981 2369 1228 2417 potuerunt
1249 2364 1450 2405 revelare
1468 2363 1549 2403 illi.
1620 2362 1685 2403 At
1709 2363 1786 2403 ille

523 2431 641 2472 dixit
655 2431 761 2480 illis,
780 2435 791 2452 ‘
808 2431 907 2483 Ego
924 2431 1052 2471 vobis
1069 2430 1281 2471 revelabo
1298 2444 1307 2480 ;
1341 2430 1430 2470 duo
1446 2442 1559 2469 vasa
1574 2434 1682 2469 sunt
1697 2443 1707 2479 3
1740 2435 1786 2470 et

522 2497 586 2537 sic
603 2497 845 2538 invenietis
861 2498 887 2547 ς’
909 2502 1149 2545 venerunt,
1165 2502 1210 2537 et
1225 2496 1437 2537 viderunt
1454 2495 1533 2535 sic.
1596 2495 1656 2535 Et
1674 2508 1787 2547 puer

522 2563 579 2603 ad
610 2576 769 2615 magos
799 2563 932 2611 dixit,
971 2565 983 2583 ‘
1002 2561 1125 2612 Quid
1156 2563 1203 2602 in
1236 2563 1359 2603 vasis
1390 2561 1615 2602 conclusis
1648 2560 1785 2601 habe-

568 2734 581 2753 5
605 2735 762 2774 Habere]
789 2735 828 2765 L.
846 2735 923 2765 here
940 2734 1036 2773 adds,
1062 2734 1136 2763 ιΤί-
1173 2733 1299 2771 iniquo,
1334 2731 1409 2761 ideo
1449 2733 1574 2769 patrem
1605 2729 1702 2761 fateri
1731 2740 1789 2761 no-

521 2782 630 2812 mebat
652 2782 710 2811 illa
735 2791 775 2811 ne
800 2780 1007 2811 occideretur
1022 2790 1042 2810 a
1057 2790 1135 2818 rege
1171 2779 1257 2809 luit.’
