1997 3220
622 255 844 285 Ai'CTORB
879 256 1073 285 NENNio.

1413 247 1470 287 20

204 359 304 398 illos
339 358 384 397 in
417 358 570 399 multis
594 358 854 407 virtutibus,
875 365 918 398 et
951 358 1080 398 multi
1115 371 1194 410 pcr
1219 372 1319 398 eum
1353 359 1468 399 salvi

204 424 312 464 facti
333 430 455 473 sunt,
476 432 518 465 ct
542 425 723 477 plurimi
746 425 988 477 perierunt.

1061 423 1313 476 Aliquanta
1335 426 1468 465 mira·

203 489 323 537 cula,
345 503 446 543 quae
469 504 550 543 per
570 491 695 531 illum
725 490 828 531 fecit
852 491 994 539 Deus,
1016 490 1253 529 scribenda
1275 490 1468 530 decrevi.

273 555 477 596 Primum
512 556 778 597 miraculum
815 556 871 597 de
910 556 1140 596 miraculis
1172 556 1286 610 ejus.

1360 556 1469 596 Erat

166 637 185 664 5
206 621 390 674 quidam
414 636 495 662 rex
516 623 698 675 iniquus
720 629 856 675 atque
880 628 1103 675 tyrannus
1126 621 1275 671 valde,
1297 622 1369 662 cui
1391 635 1470 662 no-

205 700 308 727 men
331 694 429 728 erat
452 688 600 728 Benli.
644 688 780 728 Illum
803 689 873 728 vir
894 694 1080 728 sanctus
1104 688 1249 728 voluit
1269 688 1471 738 visitare,

205 758 250 794 et
263 766 506 806 properare
523 754 748 807 disposuit
761 754 818 794 ad
835 754 1038 806 iniquum
1055 766 1224 806 regem,
1241 759 1292 794 ut
1308 754 1471 806 praedi-

205 825 330 860 caret
350 819 432 860 illi.

504 819 567 860 At
588 833 687 860 cum
710 820 806 873 ipsc
828 819 963 860 homo
987 819 1074 860 Dei
1097 820 1297 860 venisset
1319 820 1374 859 ad
1400 833 1472 860 os·

205 885 319 926 tium
339 886 463 926 urbis
491 899 593 926 cum
614 886 854 927 comitibus
886 886 995 935 suis,
1019 886 1144 926 venit
1178 886 1406 938 portarius
1429 892 1473 927 et

146 961 187 990 10
205 951 423 993 salutavit
451 965 544 1002 eos,
568 958 611 992 et
648 953 869 992 miserunt
901 965 1002 992 eum
1034 951 1091 991 ad
1125 964 1293 1004 regem,
1322 957 1367 992 ct
1392 965 1473 992 rex

206 1017 366 1058 durum
401 1031 667 1071 responsum
705 1018 827 1058 dedit
867 1017 956 1058 illis
993 1024 1037 1058 et
1071 1030 1173 1057 cum
1210 1018 1473 1072 juramento

206 1083 339 1133 dixit,
370 1088 381 1104 ‘
403 1084 451 1124 Si
471 1084 639 1124 suerint
663 1084 736 1123 vel
765 1084 803 1123 si
825 1084 1075 1124 manserint
1092 1096 1235 1136 usque
1257 1083 1314 1123 ad
1336 1089 1474 1136 caput

207 1150 331 1198 anni,
355 1163 445 1190 non
469 1150 653 1190 venient
684 1162 886 1201 unquam
920 1150 967 1189 in
1002 1149 1150 1189 medio
1183 1150 1307 1189 urbis
1328 1150 1473 1189 meae!

207 1214 330 1254 Dum
371 1215 458 1267 ipsi
493 1220 815 1268 exspectarent
841 1215 1104 1268 janitorem,
1146 1220 1195 1255 ut
1237 1215 1473 1255 nunciaret

145 1292 185 1320 15
205 1280 295 1321 illis
316 1293 570 1321 sermonem
603 1281 804 1335 tyranni,
826 1280 922 1320 dies
954 1280 1213 1320 declinabat
1234 1280 1290 1320 ad
1313 1293 1473 1333 vespe-

204 1359 304 1387 rum
344 1352 389 1388 et
434 1360 528 1388 nox
570 1347 984 1400 appropinquabat,
1017 1352 1062 1387 et
1095 1346 1354 1387 nescierunt
1384 1360 1474 1399 quo

203 1412 337 1453 irent.

410 1412 595 1454 Interea
615 1413 741 1453 venit
763 1425 880 1452 unus
902 1412 956 1452 de
977 1413 1120 1453 servis
1141 1413 1262 1465 regis
1284 1426 1308 1453 e
1326 1413 1474 1453 medio

204 1479 346 1528 urbis,
368 1484 414 1520 et
433 1479 670 1520 inclinavit
690 1492 737 1519 se
758 1485 864 1519 ante
881 1479 1028 1519 virum
1044 1479 1147 1528 Dei,
1170 1484 1214 1519 et
1237 1479 1474 1519 nunciavit

204 1544 295 1585 illis
335 1545 488 1586 omnia
528 1546 668 1586 verba
707 1545 906 1598 tyranni,
939 1550 985 1585 et
1024 1545 1239 1585 invitavit
1277 1544 1379 1585 illos
1414 1544 1470 1585 ad

145 1621 187 1651 20
205 1623 359 1651 casam
380 1624 526 1661 suam,
548 1617 592 1652 et
626 1611 837 1652 exierunt
866 1624 967 1651 cum
1000 1623 1069 1660 eo,
1091 1616 1137 1651 et
1155 1610 1351 1663 benigne
1371 1624 1470 1650 sus-

205 1677 325 1730 cepit
375 1690 468 1718 eos,

559 1677 620 1718 Et
655 1677 731 1717 ille
771 1677 884 1717 nihil
923 1677 1121 1717 habebat
1159 1676 1214 1717 de
1263 1677 1471 1716 omnibus

204 1744 447 1795 generibus
473 1743 802 1797 jumentorum,
835 1748 1030 1796 excepta
1060 1755 1153 1782 una
1189 1755 1331 1783 vacca
1369 1755 1472 1782 cum

204 1809 350 1851 vitulo
367 1823 377 1861 ;
411 1815 457 1851 et
478 1809 644 1850 occidit
664 1809 875 1859 vitulum,
896 1814 942 1850 et
963 1809 1103 1858 coxit,
1126 1814 1172 1849 et
1191 1809 1344 1862 posuit
1365 1814 1472 1850 ante

202 1875 321 1916 illos.

251 2023 264 2043 ⁴
283 2025 508 2065 miraculum]
538 2024 646 2055 These
668 2025 821 2055 miracles

205 2080 261 2102 are
273 2071 470 2110 ‹lesen-edly
482 2071 628 2111 rejected
639 2071 683 2109 by
697 2071 820 2109 Bosch,

205 2118 239 2147 in
249 2117 304 2148 the
317 2118 403 2149 Acta
413 2118 620 2155 Sanctorum,
636 2117 708 2148 Jul.
720 2127 750 2148 v.
761 2118 818 2147 vii.

205 2174 238 2202 p.
266 2166 340 2203 198,
366 2164 442 2194 who
468 2164 617 2194 adduces
642 2173 820 2194 numerous

205 2209 317 2249 proofs
339 2210 376 2240 of
391 2210 477 2240 their
492 2219 599 2240 errors
624 2210 657 2240 in
683 2209 820 2240 chrono-

204 2256 294 2296 logy.

252 2300 266 2320 ⁶
287 2302 414 2343 Berua]
433 2302 542 2341 Benli,
554 2302 588 2332 in
604 2302 738 2341 regione
755 2301 818 2341 Ial,

205 2348 257 2386 I.;
289 2349 322 2379 in
347 2349 392 2379 K.
423 2349 449 2379 it
479 2349 508 2379 is
538 2358 559 2378 a
590 2348 679 2387 gloss
709 2348 817 2379 added

205 2395 309 2425 above
332 2394 388 2425 the
413 2395 501 2432 line3
528 2395 561 2425 in
587 2395 721 2434 regione
738 2395 821 2426 Dal-

205 2444 319 2479 reatae,
329 2440 359 2471 b.
370 2451 378 2478 3
389 2441 591 2479 Belinus,P.
602 2451 719 2480 marg„
729 2451 759 2472 α.
770 2441 798 2472 b.
812 2452 819 2479 ;

206 2486 340 2525 Beluni,
358 2486 386 2517 b.
401 2497 410 2524 ς
428 2487 548 2525 Benty,
565 2487 609 2517 B.
649 2487 771 2525 Usher,
788 2488 820 2517 in

205 2532 258 2563 his
267 2533 432 2564 Primord.
443 2542 477 2571 p.
495 2535 570 2571 334,
585 2533 667 2563 cites
683 2532 738 2563 the
755 2533 821 2563 Po-

204 2578 420 2619 lichronicon,
436 2578 560 2617 which,
577 2588 666 2617 upon
690 2579 745 2610 the
761 2589 820 2610 au-

204 2625 327 2665 thority
339 2626 376 2656 os
387 2635 408 2656 a
420 2625 555 2664 Legend
571 2625 608 2655 of
620 2624 821 2664 Germanus,

204 2673 351 2703 ascribes
360 2675 394 2703 to
403 2672 578 2711 Vortigern
590 2671 682 2702 what
698 2671 726 2701 is
742 2671 819 2702 here

411 1876 469 1917 Et
511 1876 729 1929 praecepit
756 1875 955 1916 Sanctus
989 1875 1247 1916 Germanus
1288 1879 1338 1916 ut
1379 1889 1472 1916 non

855 2024 1036 2063 bighshire,
1064 2023 1182 2054 Camd.
1208 2024 1270 2054 col.
1298 2026 1382 2061 681;
1405 2024 1472 2055 and

856 2070 959 2102 Gunn
984 2074 1101 2109 quotes
1125 2070 1181 2100 the
1198 2070 1376 2100 Cambrian
1394 2071 1472 2101 Bio-

855 2117 985 2155 graphy
1000 2121 1033 2147 to
1050 2117 1143 2147 show
1159 2115 1231 2146 that
1248 2116 1471 2153 BenliGawr,

854 2173 890 2193 or
905 2163 960 2193 the
978 2163 1125 2201 Mighty,
1140 2172 1212 2193 was
1229 2172 1249 2192 a
1265 2162 1422 2193 chiestain
1438 2163 1476 2193 of

854 2210 925 2239 that
941 2213 1079 2247 country
1094 2208 1171 2239 who
1186 2209 1275 2239 lived
1299 2209 1401 2239 about
1415 2209 1470 2240 the

854 2256 978 2286 middle
994 2255 1031 2285 of
1043 2255 1098 2285 the
1115 2254 1186 2285 fifth
1203 2259 1353 2293 century.

902 2299 927 2319 ¹²
952 2302 1057 2341 Caput
1083 2301 1187 2341 unni]
1213 2301 1243 2331 A
1267 2301 1383 2331 Welsh
1415 2311 1471 2331 ex-

854 2349 1015 2387 pression,
1041 2357 1264 2387 synonwnous
1280 2347 1361 2378 with
1379 2348 1387 2364 ‘
1401 2347 1470 2377 Ini-

854 2395 936 2425 tium
953 2395 1054 2425 anni.’
1103 2394 1164 2425 See
1181 2393 1337 2425 Davies’s
1354 2394 1467 2424 Welsh

854 2441 946 2471 Dict.
964 2441 997 2470 in
1014 2451 1046 2471 v.
1065 2440 1150 2471 Pen.

899 2484 926 2505 ἵ*
948 2487 1121 2526 Vitulum]
1145 2486 1177 2516 A
1193 2486 1327 2516 miracle
1343 2485 1471 2516 similar

854 2535 887 2563 to
902 2533 957 2563 the
973 2542 1034 2563 one
1051 2532 1128 2563 here
1146 2532 1213 2562 told
1227 2533 1256 2562 is
1268 2531 1425 2562 recorded
1436 2531 1474 2562 of

854 2579 990 2618 Fingar,
1014 2588 1056 2609 an
1079 2578 1166 2609 Irish
1195 2579 1293 2617 saint,
1310 2588 1364 2608 see
1381 2578 1470 2608 Acta

854 2625 911 2656 SS.
938 2625 1040 2655 Mart.
1073 2635 1104 2656 v.
1136 2624 1183 2655 iii.
1211 2634 1245 2663 p.
1266 2627 1342 2662 458,
1375 2624 1391 2664 ξ
1416 2627 1468 2655 10.

854 2670 955 2702 Gunn
973 2674 1087 2707 states,
1106 2681 1194 2710 upon
1221 2670 1276 2700 the
1301 2670 1469 2708 authority

205 2718 278 2749 said
294 2721 328 2749 to
343 2718 427 2749 have
444 2719 526 2748 been
542 2717 626 2748 done
648 2718 691 2756 by
711 2718 818 2749 Benli.
853 2717 921 2749 osa
939 2717 1061 2755 native,
1074 2717 1143 2747 that
1159 2717 1214 2747 the
1231 2720 1363 2755 present
1380 2721 1468 2755 story

205 2764 269 2805 Ial,
285 2775 321 2795 or
338 2765 434 2805 Yale,
450 2765 478 2795 is
496 2774 515 2795 a
531 2764 660 2795 district
679 2765 710 2794 in
730 2764 817 2795 Den-

854 2764 881 2794 is
898 2764 965 2795 still
983 2767 1112 2794 current
1131 2764 1162 2794 in
1182 2763 1306 2794 Wales.

1490 571 1541 596 llis
1555 571 1662 596 actions

1489 605 1570 629 while
1585 605 1611 628 in

1491 638 1626 669 England.
