2096 3246
570 295 627 335 64
1075 306 1338 336 APPENDIX.

570 404 674 444 liter
697 404 1070 445 Bartholomeum
1101 405 1157 445 de
1190 404 1416 444 Hibernia
1448 403 1710 456 pestilentia
1731 417 1833 444 cum

570 471 664 510 suis
684 471 889 519 eraserit,
911 476 956 511 et
976 471 1031 511 de
1052 471 1248 523 quodam
1274 470 1451 518 NimeC,
1475 471 1554 523 qui
1574 476 1733 523 postea
1757 470 1834 510 illo

572 537 711 585 venit,
731 537 810 577 sed
834 543 878 577 et
901 543 1062 589 postea
1081 550 1182 576 cum
1204 537 1298 576 suis
1320 536 1466 575 rediit.

636 602 754 643 VII.
790 603 860 643 De
888 603 1032 643 tribus
1066 603 1167 642 filiis
1200 601 1439 656 cujusdam
1467 601 1623 642 militis
1658 601 1834 654 Hispa-

570 668 673 717 niae,
696 669 773 722 qui
798 668 1068 709 Hiberniam
1090 669 1438 722 applicuerunt3
1473 668 1700 720 quomodo
1732 681 1832 708 cas-
1877 678 1893 703 5

571 734 728 774 tellum
751 735 947 775 vitreum
982 734 1029 775 in
1060 735 1175 775 mari
1197 734 1424 782 viderunt,
1449 738 1494 773 et
1524 733 1634 773 illud
1657 747 1834 787 oppug-

571 806 732 841 nantes
765 801 1011 853 perierunt.
1081 801 1169 841 Sed
1192 806 1344 841 tamen
1364 800 1533 839 residui
1555 813 1711 840 eorum
1733 813 1834 840 cum

568 867 994 919 supervenientibus
1013 867 1238 920 Hispanis
1260 865 1481 920 paulatim
1502 871 1646 906 totam
1667 866 1834 906 Hiber-

530 925 534 928 *
568 933 688 972 niam
710 933 1014 984 possiderunt.

636 997 784 1038 VIII.
819 997 954 1047 Quod
977 998 1105 1038 nulla
1135 1003 1261 1038 certa
1279 998 1368 1038 hist
1383 998 1472 1049 yria
1492 997 1681 1050 originis
1704 998 1835 1039 Scot-
1856 1006 1896 1034 10

569 1067 720 1103 torum
740 1064 1014 1104 continetur.

638 1128 736 1169 IX.
771 1128 1003 1179 Quamdiu
1040 1128 1266 1169 Hibernia
1306 1129 1616 1169 inhabitabilis
1651 1128 1753 1178 suit,
1791 1135 1837 1170 et

568 1194 623 1235 de
639 1194 837 1248 quodam
857 1196 997 1236 nobili
1014 1194 1186 1248 Scytha
1208 1208 1376 1247 genero
1392 1195 1662 1244 Pharaonis,
1685 1209 1835 1248 quem,

569 1274 675 1313 rege
717 1262 952 1302 submerso
985 1274 1087 1302 cum
1119 1261 1230 1311 suis,
1272 1262 1484 1315 AEgyptii
1527 1261 1833 1314 expulerunt;

568 1327 794 1380 quomodo
838 1328 1173 1380 peregrinando
1215 1335 1412 1380 vagatus
1453 1328 1528 1377 sit,
1570 1333 1615 1368 et
1653 1329 1835 1380 quando
1854 1334 1894 1363 15

570 1393 843 1434 Hiberniam
884 1394 1148 1447 appulerit3
1204 1399 1250 1434 et
1290 1400 1402 1446 quot
1444 1407 1590 1434 annos
1626 1393 1835 1443 Tribuni,

568 1459 849 1508 Dictatores,
882 1472 935 1500 ac
979 1459 1201 1500 Consules
1238 1459 1589 1513 Rempublicam
1625 1460 1833 1501 obtinue-

566 1531 688 1566 runt.

635 1592 704 1632 X.
739 1590 846 1641 Qua.
878 1596 1015 1632 aetate
1050 1592 1265 1632 Britones
1299 1597 1524 1632 venerunt
1557 1591 1614 1632 ad
1649 1592 1835 1633 Britan-

567 1658 705 1707 niam,
741 1663 787 1698 et
820 1671 911 1710 qua
944 1657 1129 1707 Scithae,
1163 1657 1231 1713 (id
1268 1663 1352 1708 est,
1386 1656 1572 1712 Scotti,)
1603 1659 1682 1711 qui
1714 1672 1835 1699 nunc
1852 1665 1894 1693 20

566 1724 780 1765 dicuntur
817 1724 1147 1773 Hibernenses,
1190 1724 1247 1763 ad
1286 1724 1585 1775 Hiberniam;
1639 1730 1685 1765 et
1720 1738 1833 1778 quo-

566 1791 700 1831 modo
723 1790 938 1831 Britones
966 1803 993 1830 a
1014 1790 1158 1831 Pictis
1179 1796 1222 1830 et
1245 1790 1415 1831 Scottis
1436 1791 1693 1843 impugnati
1712 1792 1805 1833 sint
1823 1805 1832 1832 :

567 1870 658 1910 quo
688 1857 825 1897 etiam
866 1862 1069 1909 tempore
1104 1856 1304 1896 Romani
1334 1857 1643 1897 monarchiam
1678 1857 1835 1898 mundi

567 1923 721 1976 adepti
744 1922 928 1971 fuerint,
952 1928 997 1963 et
1017 1922 1278 1963 Scottorum
1301 1923 1527 1976 peritiam.

636 1989 734 2030 XI.
780 1989 851 2029 De
885 1989 1211 2041 supputatione
1245 2001 1468 2029 annorum
1504 1989 1833 2030 incarnationis
1851 2002 1891 2031 25

568 2055 769 2104 Domini,
812 2055 1018 2104 Patricii,
1054 2055 1273 2107 Brigidae,
1308 2054 1625 2106 Columkillae3
1666 2060 1712 2096 et
1744 2069 1834 2109 quo

568 2134 689 2162 anno
711 2122 919 2162 Saxones
941 2121 1231 2162 Britanniam
1254 2122 1477 2162 venerint.

636 2188 764 2229 XII.
797 2187 938 2228 Aliud
972 2188 1336 2241 experimentum
1371 2188 1425 2228 de
1454 2192 1557 2228 ortu
1590 2187 1833 2228 Britonum

566 2255 899 2307 indigenarum,
923 2254 1245 2294 traditionibus
1277 2254 1521 2303 seniorum,
1548 2258 1594 2294 et
1627 2266 1685 2294 ex
1706 2258 1833 2294 vete-

566 2321 690 2361 ribus
726 2320 853 2360 ]ibris
888 2325 1093 2360 veterum
1131 2321 1373 2361 Britonum
1406 2320 1671 2370 inventum3
1719 2333 1831 2372 quo-
1850 2331 1892 2359 30

566 2387 700 2426 modo
721 2392 813 2426 tres
835 2386 915 2426 filii
940 2385 1041 2426 Noe
1073 2386 1326 2427 diviserunt
1346 2387 1499 2427 orbem
1532 2391 1755 2427 terrarum
1784 2387 1832 2427 in

565 2457 657 2493 tres
680 2458 833 2505 partes
853 2457 958 2505 post
979 2452 1232 2493 Diluvium.

633 2518 790 2559 XIII.
839 2519 910 2559 De
951 2518 1189 2559 nobilitate
1232 2519 1493 2567 Britonum‚
1527 2523 1574 2558 et
1608 2518 1729 2571 quod
1764 2518 1831 2559 illi

564 2585 619 2625 de
641 2598 806 2638 genere
826 2584 856 2625 J
861 2584 999 2637 aphet
1027 2584 1345 2626 descenderint
1372 2598 1399 2626 a
1424 2584 1621 2637 quodam
1643 2583 1830 2634 Alanio,

564 2651 696 2705 cujus
719 2650 1037 2704 genealogiam
1069 2664 1213 2704 usque
1232 2652 1289 2692 ad
1315 2651 1463 2694 Adam
1494 2650 1829 2703 protoplastum
1848 2663 1888 2691 35

563 2718 702 2759 ducit.

714 2859 739 2879 ²⁴
756 2862 801 2891 Et
822 2862 1002 2892 Scottorum
1017 2861 1198 2901 peritiam]
1225 2861 1277 2890 Ex
1293 2860 1479 2891 Scottorum
1497 2860 1616 2899 peritia
1632 2858 1675 2902 (2)
