2096 3246
314 625 340 650 11
345 624 368 650 is
386 624 510 657 apology,

523 267 551 306 2
1024 279 1284 309 PROLOGUS.

526 380 773 422 decalcatae
793 381 1066 435 deperirent,
1089 396 1281 437 quarum
1312 383 1465 436 ampla
1496 396 1627 436 seges
1647 397 1792 437 quon-

527 457 632 498 dam
678 464 999 500 extranearum
1049 461 1254 513 gentium
1303 460 1479 501 infestis
1519 462 1794 502 messoribus

529 536 722 589 sparsim
744 543 972 590 praerepta
991 542 1076 588 est,
1098 544 1383 591 posterorum
1415 538 1642 578 memoriae
1663 538 1794 591 pudi—

529 613 710 653 bundus
723 614 940 655 mandare
957 616 1128 656 curavi.
1181 615 1379 668 Quippe,
1394 615 1549 655 multis
1567 616 1795 665 obnoxiis,

530 691 607 743 qui
629 691 707 731 vix
729 691 920 731 aliorum
953 691 1201 732 dictamina
1232 692 1469 745 superficie
1489 697 1638 740 tenus,
1660 697 1796 744 prout
1835 701 1854 728 5

528 767 639 808 utile
659 773 794 817 esset,
815 768 1070 821 intelligere
1092 769 1326 823 hucusque
1348 769 1598 822 quiveram,
1629 769 1795 809 nedum

528 845 714 898 propria
744 845 906 885 incude
937 844 1179 895 sufficiens,
1204 847 1282 887 sed
1306 846 1433 886 velut
1457 846 1678 886 barbarus
1711 846 1794 886 ali-

528 934 657 961 orum
695 921 900 973 linguam
938 922 1209 975 infringens,
1257 928 1426 963 temere
1471 922 1792 963 commerdavi.

528 995 749 1037 Attamen
776 998 1006 1037 internum
1028 999 1195 1039 vulnus
1223 1000 1392 1039 circum
1422 999 1675 1051 praecordia
1696 999 1794 1040 vol-

526 1087 639 1114 vens
681 1087 803 1126 aegre
843 1074 1058 1124 ferebam,
1101 1075 1139 1115 si
1176 1076 1373 1128 propriae
1413 1075 1563 1127 gentis
1613 1088 1795 1125 nomen,
1815 1087 1855 1115 lo

528 1151 756 1204 quondam
778 1150 1003 1192 famosum
1023 1157 1067 1193 et
1086 1152 1282 1205 insigne,
1303 1152 1532 1193 oblivione
1563 1165 1797 1192 corrosum

528 1227 736 1268 fumatim
758 1234 1065 1270 evanesceret.
1106 1229 1193 1270 Sed
1211 1230 1425 1283 quoniam
1440 1234 1686 1282 utcumque
1703 1228 1795 1269 his-

528 1305 874 1359 toriographum
897 1306 1245 1347 Brittannorum
1276 1320 1347 1347 me
1378 1306 1499 1347 malo
1531 1319 1630 1347 esse
1657 1319 1795 1360 quam

527 1384 768 1433 neminem,
805 1384 1013 1436 quamvis
1046 1384 1160 1425 adeo
1193 1384 1346 1437 plures
1377 1385 1685 1434 inveniantur,
1717 1384 1795 1438 qui

528 1460 647 1500 hunc
669 1460 870 1500 laborem
889 1461 999 1501 mihi
1019 1461 1276 1515 injunctum
1293 1462 1438 1502 satius
1459 1461 1644 1514 explere
1664 1467 1793 1514 pote·
1813 1475 1853 1503 15

528 1542 648 1586 rant,
693 1536 949 1589 relegentes
994 1537 1153 1578 humili
1201 1551 1335 1590 prece
1382 1551 1539 1591 posco,
1578 1551 1793 1591 quorum-

527 1627 720 1667 cumque
743 1627 876 1655 aures
908 1615 1267 1655 inconcinnitate
1288 1615 1527 1656 verborum
1550 1615 1796 1666 offendero,

527 1705 617 1745 quo
637 1692 817 1732 veniam
848 1692 1073 1746 majorum
1102 1698 1210 1733 voto
1230 1693 1410 1745 parenti
1440 1692 1572 1733 facile
1605 1693 1796 1734 exaudi-

525 1769 650 1810 tione
681 1782 740 1809 ex
767 1769 919 1810 debito
945 1782 993 1809 se
1024 1770 1236 1810 noverint
1266 1770 1554 1822 praebituros.
1625 1770 1796 1831 Errant

526 1859 723 1900 namque
773 1847 1036 1887 multotiens
1088 1847 1363 1900 impotentes
1409 1848 1611 1897 effectus,
1659 1862 1794 1902 quem
1810 1857 1852 1886 20

526 1936 692 1973 errare,
737 1923 775 1963 si
813 1929 984 1977 posset,
1024 1937 1116 1964 non
1161 1925 1330 1965 sineret
1369 1924 1548 1965 fervens
1589 1925 1793 1967 affectus.

526 1999 706 2041 Serviat
737 2001 893 2053 itaque
924 1999 1152 2041 sufficiens
1187 2001 1370 2051 caritas,
1393 2002 1557 2054 quibus
1591 2001 1795 2043 sufficere

526 2090 618 2117 non
650 2078 851 2130 potuerit
870 2079 1112 2119 verborum
1144 2091 1346 2119 meorum
1378 2078 1655 2120 inconcinna
1686 2080 1794 2120 sim-

525 2154 722 2207 plicitas,
756 2168 839 2196 nec
871 2155 1061 2196 vilescat
1093 2156 1140 2196 in
1172 2157 1357 2196 auribus
1386 2156 1668 2198 audientium
1702 2156 1795 2197 his-

525 2232 656 2272 toriae
679 2233 864 2282 veritas,
899 2245 1036 2286 quam
1068 2233 1279 2286 imperito
1309 2233 1480 2285 linguae
1502 2246 1685 2274 vomere
1712 2247 1793 2274 ex·
1810 2244 1851 2273 25

526 2320 657 2349 arare
678 2310 742 2349 sic
764 2322 877 2350 ausa
896 2314 965 2350 est
981 2322 1083 2350 mea
1102 2310 1349 2351 rusticitaS.
1401 2309 1633 2363 Siquidem
1650 2311 1794 2352 tutius

526 2390 597 2426 est
639 2387 867 2427 salubrem
912 2387 1173 2427 documenti
1216 2387 1431 2428 haustum
1470 2387 1674 2441 quolibet
1715 2388 1796 2429 vili

525 2464 713 2505 vasculo
746 2465 941 2514 ebibere,
964 2477 1101 2517 quam
1133 2464 1328 2505 mixtum
1359 2464 1492 2505 melle
1523 2464 1668 2505 dulcis
1700 2466 1793 2507 elo-

525 2541 725 2594 quentiae
763 2555 989 2582 venenum
1027 2541 1251 2582 mendacii
1294 2554 1432 2583 aureo
1470 2542 1636 2596 poculo
1675 2556 1794 2597 prae-

525 2624 727 2670 gustare.
1810 2636 1851 2665 30

900 2786 927 2806 ²2
951 2789 1109 2830 Caritas]
1140 2790 1320 2831 Alacritas,
1337 2790 1385 2820 M.
