2096 3246
549 329 606 369 60
905 342 1133 372 ms'romA
1172 342 1441 380 ΒκιΤοΝυΜ,

547 444 761 494 bandum,
795 446 907 485 etin
928 451 1093 498 quarto
1121 445 1193 485 die
1223 446 1437 486 inventus
1473 451 1543 486 est
1575 446 1622 486 in
1658 446 1808 497 sonte;

548 514 594 549 et
630 510 705 550 ille
742 512 939 552 rusticus
973 512 1048 563 qui
1075 524 1175 551 cum
1210 512 1495 552 abscondidit
1524 517 1570 552 et
1600 513 1811 565 sepelivit

549 575 789 616 defunctus
811 583 880 618 cst
900 582 1005 617 ante
1026 578 1159 617 finem
1182 578 1365 618 mensis,

616 642 637 695 ξ
659 642 730 682 73.
765 643 848 683 Est
870 643 990 683 aliud
1015 643 1220 683 mirabile
1248 644 1294 683 in
1321 643 1506 696 regione
1537 644 1614 696 qui
1644 644 1810 684 dicitur

549 707 701 748 Buelt.
774 709 857 748 Est
888 710 950 749 ibi
980 709 1186 749 cumulus
1221 709 1438 762 lapidum,
1473 716 1519 750 et
1545 723 1663 750 unus
1691 710 1808 762 lapis
1849 725 1868 752 5

546 775 862 828 superpositus
883 788 1020 828 super
1038 781 1322 828 congestum,
1344 789 1445 816 cum
1468 777 1663 829 vestigio
1684 777 1810 816 canis

545 839 592 879 in
623 854 692 881 eo.
764 840 961 891 Quando
982 847 1176 882 venatus
1205 847 1274 882 est
1302 855 1489 895 porcum
1510 842 1704 896 Troynt,
1726 842 1809 882 im-

548 907 713 957 pressit
757 906 916 957 Cabal,
956 908 1034 960 qui
1083 913 1182 949 erat
1227 909 1352 948 canis
1396 907 1588 949 Arthuri
1636 908 1809 955 militis,

547 972 791 1023 vestigium
816 973 864 1012 in
890 973 1057 1026 lapide,
1085 979 1131 1014 et
1163 973 1340 1014 Arthur
1368 980 1531 1015 nostea
1555 987 1809 1027 congrega-

546 1037 612 1076 vit
656 1043 923 1090 congestum
954 1039 1157 1091 lapidum
1191 1041 1275 1080 sub
1305 1040 1397 1093 lap
1385 1019 1455 1081 de
1497 1041 1544 1080 in
1586 1053 1676 1092 quo
1712 1045 1810 1080 erat
1828 1054 1868 1083 10

547 1102 792 1155 vestigium
814 1105 940 1144 canis
972 1105 1058 1154 sui,
1086 1110 1131 1146 et
1159 1110 1351 1145 vocatur
1372 1105 1494 1146 Carn
1518 1106 1677 1146 Cabal.
1748 1106 1810 1147 Et

545 1169 735 1210 veniunt
770 1170 975 1211 homines
1008 1176 1054 1211 et
1085 1171 1254 1212 tollunt
1284 1171 1481 1224 lapidem
1519 1172 1566 1212 in
1599 1172 1808 1212 manibus

544 1235 638 1275 suis
674 1249 755 1288 per
789 1237 993 1289 spacium
1035 1237 1123 1277 diei
1163 1242 1209 1278 et
1245 1238 1407 1287 noctis,
1440 1243 1486 1279 et
1517 1239 1565 1278 in
1608 1238 1808 1279 crastino

544 1301 616 1342 die
636 1302 868 1342 invenitur
888 1316 1025 1356 super
1044 1309 1312 1356 congestum
1332 1318 1479 1345 suum.

613 1368 698 1408 Est
733 1369 855 1408 aliud
889 1370 1158 1410 miraculum
1191 1371 1238 1410 in
1269 1371 1454 1423 regione
1482 1383 1584 1422 quae
1617 1375 1809 1411 vocatur
1828 1377 1866 1405 15

546 1434 731 1487 Ercing.
802 1434 1017 1476 Habetur
1050 1436 1112 1476 ibi
1139 1437 1427 1490 sepulchrum
1454 1437 1594 1490 juxta
1635 1437 1807 1478 fontem

542 1500 620 1552 qui
642 1501 991 1552 cognominatur
1023 1501 1155 1542 Licat
1185 1501 1316 1551 Anir,
1348 1508 1394 1543 et
1414 1503 1500 1543 viri
1522 1516 1702 1551 nomen,
1730 1503 1809 1556 qui

541 1566 748 1618 sepultus
768 1570 838 1607 est
858 1567 903 1606 in
920 1568 1112 1617 tumulo,
1133 1568 1198 1608 sic
1214 1570 1479 1609 vocabatur.
1550 1567 1668 1608 Anir
1689 1569 1808 1609 filius

542 1630 734 1672 Arthuri
756 1633 912 1674 militis
944 1638 1058 1683 erat,
1092 1638 1138 1674 et
1167 1634 1265 1687 ipse
1296 1635 1462 1675 occidit
1493 1648 1594 1675 eum
1625 1635 1807 1685 ibidem,

541 1703 586 1738 et
608 1699 832 1751 sepelivit.
904 1700 964 1740 Et
985 1701 1177 1741 veniunt
1208 1700 1413 1741 homines
1447 1701 1504 1741 ad
1537 1714 1805 1742 mensuran—
1824 1712 1866 1741 20

540 1764 647 1804 dum
694 1765 952 1816 tumulum3
999 1766 1046 1805 in
1092 1766 1377 1818 longitudine
1425 1767 1671 1819 aliquando
1721 1781 1804 1809 sex

538 1830 692 1883 pedes,
713 1831 958 1883 aliquando
979 1845 1158 1881 novem,
1181 1833 1426 1885 aliquando
1440 1833 1712 1886 quindecim.
1748 1822 1805 1875 In

539 1909 631 1949 qua
664 1910 879 1938 mensura
910 1898 1108 1938 metieris
1144 1912 1245 1938 eum
1283 1900 1329 1938 in
1369 1899 1459 1939 ista
1491 1899 1606 1948 vice,
1640 1900 1803 1940 iterum

540 1976 630 2002 non
657 1962 862 2004 invenies
887 1977 989 2004 eum
1016 1964 1063 2004 in
1095 1977 1188 2005 una
1220 1977 1459 2017 mensura;
1493 1970 1539 2005 et
1569 1978 1654 2018 ego
1680 1967 1804 2007 solus

538 2029 744 2081 probavi.
1823 2040 1863 2069 25

607 2095 721 2148 §74
756 2095 841 2136 Est
862 2095 985 2136 aliud
1016 2095 1223 2137 mirabile
1253 2097 1301 2137 in
1330 2095 1515 2149 regione
1544 2110 1645 2150 quae
1667 2111 1804 2140 voca-

539 2164 614 2201 tur
636 2161 939 2203 Cereticiaun.
988 2163 1073 2204 Est
1095 2163 1157 2203 ibi
1178 2176 1308 2203 mons
1330 2176 1432 2216 quae
1455 2164 1805 2216 cognominatur

538 2226 658 2267 Cruc
680 2227 845 2279 Maur3
880 2233 925 2269 et
947 2234 1018 2269 est
1037 2229 1327 2282 sepulchrum
1348 2230 1395 2270 in
1411 2230 1645 2270 cacumine
1664 2231 1801 2272 illius.

540 2292 600 2333 Et
619 2293 766 2334 omnis
786 2294 921 2335 homo
943 2295 1202 2348 quicunque
1224 2296 1402 2336 venerit
1426 2296 1480 2336 ad
1513 2297 1802 2349 sepulchrum

537 2364 583 2399 et
600 2361 857 2400 extenderit
879 2374 927 2401 se
943 2361 1084 2415 juxta
1098 2361 1226 2411 illud,
1249 2361 1458 2414 quamvis
1477 2363 1627 2403 brevis
1649 2362 1801 2414 fuerit,
1823 2370 1864 2398 30

578 2539 590 2558 ⁷
616 2541 765 2581 Troynt]
788 2542 893 2581 Troit,
910 2543 952 2573 E.
1188 2546 1355 2581 suggests,
1378 2544 1386 2558 ‘
1405 2543 1539 2581 Llygyd
1554 2543 1651 2582 Aur‚‘
1675 2544 1747 2574 that
1762 2545 1803 2584 is,

579 2586 601 2605 ¹¹
623 2588 708 2617 Car-n
729 2585 858 2631 Galum]
885 2588 1060 2628 Carcabal,
1078 2589 1118 2619 E.
1188 2588 1319 2620 Golden
1337 2589 1421 2627 Eye,
1440 2590 1480 2620 E.
1497 2590 1636 2630 reading
1648 2591 1658 2607 ζ
1671 2590 1803 2622 Oculus

580 2632 604 2651 ¹⁵
620 2634 764 2672 Regione
772 2645 840 2674 quse
851 2638 981 2665 vocatur
990 2635 1144 2674 Ercing]
1187 2635 1380 2666 Anni-mur)

532 2681 690 2719 Namely,
708 2681 927 2712 Erchenfleld.
1236 2679 1260 2698 ¹³
1282 2678 1398 2724 Amba]
1424 2681 1531 2720 Amir,
1549 2682 1590 2712 E.

580 2725 602 2744 ¹⁷
620 2727 714 2757 Licat
726 2727 839 2767 Amin]
866 2728 915 2758 Its
928 2728 1042 2758 Welsh
1057 2737 1150 2758 name
1234 2725 1259 2745 ²⁴
1277 2726 1400 2765 Solus.]
1427 2728 1516 2766 Ipse,
1535 2728 1574 2758 E.
1597 2728 1622 2758 Ι.

530 2783 600 2804 was
616 2774 789 2813 probably,
816 2784 852 2805 as
876 2774 929 2804 Sir
945 2774 978 2805 S.
997 2774 1150 2813 Meyrick
1235 2772 1260 2791 ²⁸
1273 2775 1357 2804 Grac
1375 2770 1504 2817 Maura]
1532 2775 1724 2815 Crucmarc,
1745 2777 1783 2807 E.
