1997 3220
519 266 743 296 Acci-omi
776 265 973 296 NENNio.
1322 259 1378 298 47

114 369 241 410 miles
261 369 441 409 suerunt
463 375 617 417 fetam,
637 376 818 410 centum
841 369 1003 419 viginti
1026 370 1184 419 annis;
1214 377 1378 422 quarto

113 435 263 483 modo,
283 435 572 487 sepulchrum
606 435 726 474 illius
755 448 884 475 nemo
905 436 1006 483 scit,
1029 436 1106 475 sed
1133 436 1176 475 in
1199 437 1377 477 occulto

113 500 327 541 humatus
345 507 430 549 est,
453 502 630 541 nemine
651 502 837 542 sciente.
891 501 1160 551 Quindecim
1178 503 1310 542 annis
1333 503 1375 541 in

114 567 399 619 captivitate,
425 568 471 607 in
494 567 707 607 vicesimo
728 568 888 620 quinto
920 580 1041 608 anno
1071 568 1128 608 ab
1149 566 1378 608 Amatbeo

75 647 94 674 ⁵
113 638 273 673 sancto
305 633 519 685 episcopo
555 634 846 685 subrogatur,
877 634 1133 685 octinginta
1165 640 1210 674 ct
1244 635 1376 685 quin-

113 711 202 750 que
235 711 380 738 annos
414 699 459 738 in
491 698 715 738 Hibernia
747 699 1029 753 praedicavit.
1102 699 1196 739 Res
1224 706 1375 739 autem

113 763 329 815 exigebat
361 765 556 817 amplius
592 765 716 816 loqui
750 765 805 805 dc
840 765 1008 805 Sancto
1050 764 1266 814 Patricio,
1298 766 1375 805 sod

114 834 266 870 tamen
290 843 371 882 pro
391 830 659 883 compendio
683 831 903 870 sermonis
924 831 1046 871 volui
1069 831 1289 871 breviare.

182 895 205 948 ᾗ
225 896 296 935 56.
332 895 388 935 In
408 896 486 936 illo
507 902 708 949 tempore
740 896 947 937 Saxones
970 897 1308 937 invalescebant
1332 897 1377 937 in
1398 910 1545 947 Arthur's·

54 972 96 1002 ιο
114 961 420 1010 multitudine,
453 968 496 1002 et
524 963 786 1002 crescebant
811 962 856 1002 in
878 963 1135 1003 Britannia.
1192 963 1378 1003 Mortuo
1397 943 1580 1002 ffiss‘ffffxgss's'}

113 1032 265 1067 autem
309 1027 556 1078 Hengristo,
593 1028 743 1068 Octba
782 1028 880 1081 ejus
921 1029 1039 1068 filius
1079 1029 1291 1069 transivit
1324 1029 1379 1069 de

113 1092 333 1133 sinistrali
354 1099 484 1146 parte
507 1094 782 1134 Brittannia¹
806 1094 861 1133 ad
884 1107 1073 1147 regnum
1095 1094 1380 1142 Cantiorum,

113 1164 159 1198 et
179 1158 234 1198 de
254 1159 353 1211 ipso
387 1160 475 1199 orti
501 1166 607 1200 sunt
628 1172 758 1211 reges
781 1159 1066 1200 Cantiorum.

161 1303 174 1322 ²
187 1305 426 1346 Sepulchrmn.]
451 1305 658 1345 Concerning
671 1306 725 1336 the
746 1311 747 1316 ¹

114 1352 210 1391 place
225 1351 262 1382 os
278 1352 444 1382 Patrick's
461 1352 583 1389 burial,
600 1362 655 1382 see
672 1352 726 1383 the

115 1407 276 1437 passages
293 1398 415 1437 quoted
443 1398 486 1436 by
504 1398 626 1437 L⁷slier,
654 1399 727 1428 Pri·
746 1387 747 1417 Ῐ

115 1444 220 1475 mord.
237 1454 293 1483 pp.
312 1447 388 1482 887,
404 1447 478 1474 888.

162 1489 175 1508 ³
194 1490 414 1530 Quindecim]
439 1489 604 1527 Sedecim,
620 1501 650 1520 a.

164 1533 176 1553 ⁴
191 1536 244 1566 Ab
263 1559 270 1565 .
289 1559 296 1566 .
316 1559 323 1566 .
340 1536 511 1576 episcopm]
535 1537 566 1565 A
595 1528 749 1568 Matheo'¹

116 1590 195 1620 rege
211 1582 403 1620 episcopus,
419 1592 449 1612 a.

175 1626 188 1645 ⁶
226 1627 460 1667 ProedicnriL]
500 1627 611 1658 Usher
654 1627 732 1658 here

117 1676 235 1712 quotes
251 1683 270 1704 a
286 1673 433 1704 scholion
454 1682 544 1711 upon
569 1673 635 1703 this
658 1683 731 1712 pas-

117 1728 210 1759 sage,
234 1718 345 1750 which
373 1719 402 1749 is
425 1722 457 1748 to
483 1718 538 1749 the
563 1719 734 1759 following

116 1765 224 1796 effect.
282 1765 385 1802 ‘Hic,
417 1768 453 1795 ut
482 1765 563 1795 mihi
588 1765 733 1804 videtur,

115 1811 314 1842 contradicit
337 1812 469 1841 sibimet
483 1810 570 1849 ipsi3
593 1811 653 1842 sed
675 1812 735 1842 ali-

115 1860 167 1889 ter
195 1857 387 1888 audivimus
418 1860 450 1887 et
481 1858 605 1896 scripta
643 1867 736 1896 repe-

116 1903 233 1934 rimus.
312 1903 612 1941 Quadragenarius
665 1908 735 1934 erat

117 1949 251 1988 quando
275 1949 317 1979 de
344 1950 538 1988 captixitate
559 1950 675 1988 exivit,
702 1954 732 1980 et

116 2004 178 2034 per
193 1998 235 2026 40
251 2005 354 2025 annos
377 1995 497 2025 didicit
520 1999 553 2026 et
568 1995 643 2025 Deo
668 2005 735 2026 ser-

117 2041 212 2081 vivit,
237 2044 271 2071 et
294 2044 336 2071 40
362 2041 570 2079 praedicavit.
620 2041 660 2071 In
684 2041 735 2072 his

117 2087 225 2117 tribus
269 2087 545 2127 quadragenariis
592 2088 736 2119 maxime

119 2133 290 2163 Patricius
316 2136 470 2172 aequatur
501 2134 635 2172 Moysi3
659 2143 734 2164 nam

118 2180 208 2210 sicut
232 2179 370 2217 Moyses
399 2179 463 2209 fuit
494 2182 535 2210 40
567 2189 670 2209 annos
702 2181 735 2210 in

118 2225 216 2256 domo
238 2224 438 2264 Pharaonis,
460 2226 547 2256 sicut
573 2226 606 2256 111
631 2226 737 2264 capti-

118 2271 234 2309 vitate,
260 2274 293 2301 et
317 2273 360 2301 40
385 2272 418 2301 in
444 2272 564 2302 exsilio
590 2272 623 2301 in
650 2275 736 2303 terra

120 2316 274 2355 Madian,
297 2319 330 2347 et
363 2319 406 2348 40
436 2317 470 2347 111
499 2318 736 2356 praedicatione

120 2365 154 2393 et
176 2363 211 2393 in
234 2363 359 2393 ducatu
385 2363 610 2402 populi,—ita
628 2365 737 2394 Patri-

120 2408 195 2439 cius
210 2409 229 2427 *
241 2409 290 2428 ἕ*
308 2411 351 2440 40
366 2409 400 2439 111
419 2409 539 2440 exsilio
557 2410 738 2441 inter-Gal-

119 2454 182 2493 los,
208 2457 241 2485 et
265 2457 308 2484 40
339 2455 553 2492 praedicando
583 2460 616 2485 et
639 2457 738 2486 mira-

120 2500 200 2530 cula
235 2500 388 2530 faciendo
418 2505 519 2539 atque
553 2501 736 2531 resistendo

121 2545 261 2585 Loigere
278 2546 347 2584 regi
367 2550 401 2576 et
424 2547 531 2585 magis
547 2548 619 2586 ejus
636 2546 739 2588 (sicut

121 2591 260 2630 Moyses
277 2591 447 2622 Pharaoni
472 2596 505 2623 et
521 2594 594 2631 ejus
615 2592 738 2633 magis)

120 2638 260 2669 viriliter
275 2642 308 2668 et
324 2638 489 2669 indefesse
504 2639 579 2669 Deo
591 2639 738 2670 servivit.

121 2683 211 2715 Nam
227 2684 310 2715 bene
327 2688 435 2723 potest
446 2685 514 2715 fieri
527 2685 621 2715 11111111
633 2685 739 2715 fuisse

1137 1160 1269 1200 Tunc
1290 1159 1380 1200 Ar-

766 1305 831 1336 Sed
844 1305 897 1336 hic
914 1307 1059 1338 attende.
1084 1307 1222 1347 Moyses
1239 1308 1382 1346 quadra-

766 1353 924 1391 genarius
944 1353 1007 1383 fuit
1023 1354 1156 1392 quando
1178 1354 1220 1384 de
1237 1354 1383 1394 dignito

765 1399 869 1429 exivit
886 1399 917 1429 in
934 1399 1062 1438 fugam,
1085 1404 1117 1431 et
1139 1400 1183 1430 ad
1200 1401 1381 1439 AEgyptuni

746 1469 747 1475 ,
766 1448 899 1483 propter
916 1446 1056 1484 populos
1068 1445 1134 1476 Dei
1147 1447 1268 1476 missus
1285 1447 1383 1477 rediit

767 1493 841 1529 post
857 1493 898 1521 40
916 1501 1038 1529 annos;
1062 1495 1095 1522 et
1119 1492 1191 1531 ipse
1214 1493 1382 1523 Patricius

766 1536 1053 1575 quadragenarius
1082 1543 1152 1568 erat
1182 1538 1315 1577 quando
1341 1539 1382 1569 de

768 1582 933 1613 Hibernia
950 1583 981 1613 in
999 1582 1113 1621 fugam
1129 1585 1245 1621 exivit,
1263 1588 1295 1614 et
1311 1589 1385 1623 post

768 1630 809 1658 40
826 1638 929 1659 annos
945 1629 1067 1659 missus
1084 1629 1127 1659 ad
1143 1630 1304 1669 populum
1318 1631 1383 1661 Dei

767 1674 1003 1712 excipiendum
1019 1674 1060 1705 de
1076 1684 1176 1705 manu
1188 1676 1323 1706 Diaboli
1341 1677 1383 1707 ad

770 1719 966 1750 Hiberniam
979 1721 1090 1752 rediit.
1122 1722 1165 1752 Et
1175 1725 1316 1761 uterque
1327 1732 1386 1761 per

768 1768 810 1796 40
834 1776 937 1796 annos
954 1767 986 1796 in
1004 1767 1112 1797 stadio
1131 1764 1277 1810 [studio]
1300 1779 1386 1807 prae-

769 1811 946 1842 dicationis
979 1818 1183 1853 manserunt,
1221 1818 1254 1844 et
1284 1815 1385 1845 simili

770 1858 844 1896 fine,
861 1860 1034 1897 etjejunio
1050 1869 1115 1889 non
1131 1860 1313 1892 dissimili.'

815 1902 828 1921 ⁵
852 1902 1040 1948 Brevinre]
1080 1905 1170 1936 ‘Hic
1200 1907 1387 1946 expliciunt

769 1949 876 1980 Gesta
893 1950 1065 1981 Britonum
1083 1951 1217 1982 aGilda
1233 1953 1384 1991 sapiente

768 1997 975 2035 composita,'
989 1998 1029 2027 E.
1039 2007 1143 2036 marg.
1152 2008 1162 2027 .·
1179 2009 1209 2029 ιι.
1221 1999 1291 2029 also
1303 1999 1385 2029 ends

769 2041 861 2079 here,
884 2042 967 2073 with
998 2043 1053 2073 the
1083 2044 1257 2084 colophon,
1289 2045 1299 2062 ‘
1317 2045 1386 2075 Ex-

769 2088 863 2126 plicit
879 2088 921 2119 de
937 2089 971 2119 S.
984 2089 1133 2120 Patricio
1149 2091 1331 2130 episcopo.'

815 2133 828 2152 9
847 2134 884 2164 In
913 2135 966 2165 illo
993 2132 1158 2179 tempora]
1186 2137 1227 2167 In
1251 2147 1282 2168 a.
1320 2137 1386 2167 this

769 2190 911 2219 passage
928 2181 956 2211 is
971 2182 1120 2220 prefixed
1139 2186 1172 2212 to
1187 2182 1242 2213 the
1259 2183 1385 2221 history

768 2226 806 2256 of
819 2226 968 2257 Patrick.

818 2270 842 2288 ¹³
871 2272 1087 2311 Cuntimwm]
1121 2273 1386 2304 Cantwariorum

770 2327 876 2357 usque
908 2319 942 2349 in
973 2319 1167 2350 hodiernum
1209 2320 1311 2359 diem,
1341 2331 1385 2358 ιι.,

769 2363 880 2395 where
911 2365 966 2395 the
997 2375 1087 2395 error
1121 2366 1159 2396 of
1188 2367 1197 2382 ‘
1212 2367 1387 2405 Cantpari-

770 2411 875 2440 orum‘
893 2411 943 2441 sor
958 2412 967 2427 ‘
981 2411 1259 2442 Cantwariorum'
1275 2413 1386 2443 shows

770 2456 842 2486 that
857 2456 911 2486 the
928 2457 1035 2487 scribe
1059 2457 1125 2487 had
1141 2458 1252 2488 before
1275 2458 1343 2488 him
1367 2468 1387 2488 a

772 2501 846 2532 MS.
864 2502 896 2532 in
912 2502 1023 2532 which
1046 2502 1101 2533 the
1125 2504 1235 2534 Saxon
1251 2503 1388 2534 charac-

771 2551 821 2577 ter
836 2547 886 2577 for
901 2558 930 2577 w
945 2558 1017 2578 was
1034 2549 1223 2587 preserved.
1263 2549 1296 2579 It
1311 2559 1388 2588 may

772 2593 812 2623 be
836 2593 978 2624 inferred
1004 2594 1076 2625 that
1097 2595 1196 2625 when
1220 2595 1287 2626 this
1313 2605 1391 2634 pas-

773 2649 853 2679 sage
879 2640 911 2669 in
944 2640 998 2670 the
1030 2642 1237 2681 manuscript
1260 2651 1290 2672 a.
1318 2651 1390 2672 was

773 2686 916 2724 written,
935 2686 1023 2716 Kent
1038 2687 1206 2718 remained
1230 2697 1272 2718 an
1300 2688 1392 2718 inde-

120 2729 155 2760 in
178 2731 371 2769 captivitate
402 2740 462 2769 per
492 2733 531 2761 15
568 2740 671 2761 annos
708 2735 741 2762 et
775 2732 919 2770 pendent
935 2732 1106 2771 kingdom.

120 2775 425 2814 quadragenarium
437 2786 608 2815 egressum
622 2777 738 2808 fuisso.
754 2807 757 2821 ,

825 2776 848 2795 ¹³
866 2774 983 2821 Tuum]
1010 2779 1102 2809 Tunc
1121 2779 1271 2818 belliger,
1287 2791 1318 2810 a.
