<?xml version="1.0" encoding="UTF-8"?>
<!DOCTYPE html PUBLIC "-//W3C//DTD XHTML 1.0 Transitional//EN"
    "http://www.w3.org/TR/xhtml1/DTD/xhtml1-transitional.dtd">
<html xmlns="http://www.w3.org/1999/xhtml" xml:lang="en" lang="en">
 <head>
  <title>
</title>
<meta http-equiv="Content-Type" content="text/html;charset=utf-8" />
  <meta name='ocr-system' content='tesseract 3.04.00' />
  <meta name='ocr-capabilities' content='ocr_page ocr_carea ocr_par ocr_line ocrx_word'/>
</head>
<body>
  <div class='ocr_page' id='page_1' title='image "./nenniihistoriabr00nennuoft_0050.png"; bbox 0 0 2096 3246; ppageno 0'>
   <div class='ocr_carea' id='block_1_1' title="bbox 493 267 1252 306">
    <p class='ocr_par' dir='ltr' id='par_1_1' title="bbox 493 267 1252 306">
     <span class='ocr_line' id='line_1_1' title="bbox 493 267 1252 306; baseline -0.007 0"><span class='ocrx_word' id='word_1_1' title='bbox 493 267 520 306; x_wconf 75' lang='lat'>4</span> <span class='ocrx_word' id='word_1_2' title='bbox 993 273 1252 303; x_wconf 77' lang='lat' dir='ltr'>PROLOGUS.</span> 
     </span>
    </p>
   </div>
   <div class='ocr_carea' id='block_1_2' title="bbox 282 376 1829 1433">
    <p class='ocr_par' dir='ltr' id='par_1_2' title="bbox 282 376 1829 1433">
     <span class='ocr_line' id='line_1_2' title="bbox 494 376 1763 433; baseline -0.005 -12"><span class='ocrx_word' id='word_1_3' title='bbox 494 379 604 421; x_wconf 89' lang='lat' dir='ltr'>tiam</span> <span class='ocrx_word' id='word_1_4' title='bbox 638 379 911 429; x_wconf 87' lang='lat' dir='ltr'>habuerunt,</span> <span class='ocrx_word' id='word_1_5' title='bbox 934 393 1080 433; x_wconf 91' lang='lat' dir='ltr'>neque</span> <span class='ocrx_word' id='word_1_6' title='bbox 1113 379 1254 420; x_wconf 90' lang='lat' dir='ltr'>ullam</span> <span class='ocrx_word' id='word_1_7' title='bbox 1287 376 1763 419; x_wconf 81' lang='lat' dir='ltr'>commemorationem</span> 
     </span>
     <span class='ocr_line' id='line_1_3' title="bbox 494 454 1762 510; baseline -0.002 -14"><span class='ocrx_word' id='word_1_8' title='bbox 494 456 541 496; x_wconf 90' lang='lat' dir='ltr'>in</span> <span class='ocrx_word' id='word_1_9' title='bbox 561 456 687 497; x_wconf 89' lang='lat' dir='ltr'>libris</span> <span class='ocrx_word' id='word_1_10' title='bbox 714 462 965 510; x_wconf 87' lang='lat' dir='ltr'>posuerunt</span> <span class='ocrx_word' id='word_1_11' title='bbox 997 456 1206 497; x_wconf 86' lang='lat' dir='ltr'>doctores</span> <span class='ocrx_word' id='word_1_12' title='bbox 1236 455 1358 496; x_wconf 87' lang='lat' dir='ltr'>illius</span> <span class='ocrx_word' id='word_1_13' title='bbox 1390 454 1552 495; x_wconf 78' lang='lat' dir='ltr'>insulae</span> <span class='ocrx_word' id='word_1_14' title='bbox 1575 454 1762 494; x_wconf 87' lang='lat' dir='ltr'>Britan-</span> 
     </span>
     <span class='ocr_line' id='line_1_4' title="bbox 500 530 1764 587; baseline -0.004 -12"><span class='ocrx_word' id='word_1_15' title='bbox 500 534 604 574; x_wconf 86' lang='lat' dir='ltr'>niae.</span> <span class='ocrx_word' id='word_1_16' title='bbox 675 534 776 587; x_wconf 84' lang='lat' dir='ltr'>Ego</span> <span class='ocrx_word' id='word_1_17' title='bbox 798 539 951 575; x_wconf 91' lang='lat' dir='ltr'>autem</span> <span class='ocrx_word' id='word_1_18' title='bbox 973 533 1243 574; x_wconf 75' lang='lat' dir='ltr'>coacervavi</span> <span class='ocrx_word' id='word_1_19' title='bbox 1277 546 1409 573; x_wconf 89' lang='lat' dir='ltr'>omne</span> <span class='ocrx_word' id='word_1_20' title='bbox 1443 531 1564 585; x_wconf 91' lang='lat' dir='ltr'>quod</span> <span class='ocrx_word' id='word_1_21' title='bbox 1593 530 1764 579; x_wconf 83' lang='lat' dir='ltr'>inveni,</span> 
     </span>
     <span class='ocr_line' id='line_1_5' title="bbox 500 607 1764 663; baseline -0.003 -13"><span class='ocrx_word' id='word_1_22' title='bbox 500 615 595 651; x_wconf 91' lang='lat' dir='ltr'>tam</span> <span class='ocrx_word' id='word_1_23' title='bbox 616 611 672 652; x_wconf 92' lang='lat' dir='ltr'>de</span> <span class='ocrx_word' id='word_1_24' title='bbox 693 612 935 651; x_wconf 85' lang='lat' dir='ltr'>annalibus</span> <span class='ocrx_word' id='word_1_25' title='bbox 958 611 1290 659; x_wconf 87' lang='lat' dir='ltr'>Romanorum,</span> <span class='ocrx_word' id='word_1_26' title='bbox 1312 623 1449 663; x_wconf 88' lang='lat' dir='ltr'>quam</span> <span class='ocrx_word' id='word_1_27' title='bbox 1466 609 1521 649; x_wconf 89' lang='lat' dir='ltr'>de</span> <span class='ocrx_word' id='word_1_28' title='bbox 1540 607 1764 648; x_wconf 84' lang='lat' dir='ltr'>chronicis</span> 
     </span>
     <span class='ocr_line' id='line_1_6' title="bbox 283 684 1824 754; baseline -0.002 -25"><span class='ocrx_word' id='word_1_29' title='bbox 283 695 481 754; x_wconf 53' lang='lat' dir='ltr'>3¹?„f3‘ssgffacfs</span> <span class='ocrx_word' id='word_1_30' title='bbox 501 693 764 729; x_wconf 88' lang='lat' dir='ltr'>sanctorum</span> <span class='ocrx_word' id='word_1_31' title='bbox 792 688 1001 738; x_wconf 84' lang='lat' dir='ltr'>Patrum‚</span> <span class='ocrx_word' id='word_1_32' title='bbox 1034 688 1079 728; x_wconf 89' lang='lat' dir='ltr'>id</span> <span class='ocrx_word' id='word_1_33' title='bbox 1112 692 1197 737; x_wconf 84' lang='lat' dir='ltr'>est,</span> <span class='ocrx_word' id='word_1_34' title='bbox 1239 687 1528 740; x_wconf 88' lang='lat' dir='ltr'>Hieronymi,</span> <span class='ocrx_word' id='word_1_35' title='bbox 1563 684 1764 734; x_wconf 85' lang='lat' dir='ltr'>Eusebii‚</span> <span class='ocrx_word' id='word_1_36' title='bbox 1807 699 1824 726; x_wconf 87' lang='lat'>5</span> 
     </span>
     <span class='ocr_line' id='line_1_7' title="bbox 282 763 1765 819; baseline -0.003 -14"><span class='ocrx_word' id='word_1_37' title='bbox 282 763 350 788; x_wconf 64' lang='lat'>²5⁰⁰·</span> <span class='ocrx_word' id='word_1_38' title='bbox 503 764 684 815; x_wconf 88' lang='lat' dir='ltr'>Isidori,</span> <span class='ocrx_word' id='word_1_39' title='bbox 736 765 967 819; x_wconf 78' lang='lat' dir='ltr'>Prosperi,</span> <span class='ocrx_word' id='word_1_40' title='bbox 1008 771 1053 806; x_wconf 88' lang='lat' dir='ltr'>et</span> <span class='ocrx_word' id='word_1_41' title='bbox 1103 764 1158 805; x_wconf 91' lang='lat' dir='ltr'>de</span> <span class='ocrx_word' id='word_1_42' title='bbox 1211 764 1452 804; x_wconf 89' lang='lat' dir='ltr'>annalibus</span> <span class='ocrx_word' id='word_1_43' title='bbox 1503 763 1765 803; x_wconf 85' lang='lat' dir='ltr'>Scottorum</span> 
     </span>
     <span class='ocr_line' id='line_1_8' title="bbox 501 841 1766 895; baseline -0.003 -13"><span class='ocrx_word' id='word_1_44' title='bbox 501 841 842 895; x_wconf 84' lang='lat' dir='ltr'>Saxonumque,</span> <span class='ocrx_word' id='word_1_45' title='bbox 860 848 906 883; x_wconf 90' lang='lat' dir='ltr'>et</span> <span class='ocrx_word' id='word_1_46' title='bbox 926 856 985 883; x_wconf 82' lang='lat' dir='ltr'>ex</span> <span class='ocrx_word' id='word_1_47' title='bbox 1004 842 1249 883; x_wconf 85' lang='lat' dir='ltr'>traditione</span> <span class='ocrx_word' id='word_1_48' title='bbox 1265 846 1467 882; x_wconf 74' lang='lat' dir='ltr'>veterum</span> <span class='ocrx_word' id='word_1_49' title='bbox 1490 845 1766 888; x_wconf 84' lang='lat' dir='ltr'>nostrorum,</span> 
     </span>
     <span class='ocr_line' id='line_1_9' title="bbox 500 917 1766 971; baseline -0.002 -14"><span class='ocrx_word' id='word_1_50' title='bbox 500 918 621 970; x_wconf 91' lang='lat' dir='ltr'>quod</span> <span class='ocrx_word' id='word_1_51' title='bbox 642 918 774 958; x_wconf 87' lang='lat' dir='ltr'>multi</span> <span class='ocrx_word' id='word_1_52' title='bbox 794 919 1003 959; x_wconf 89' lang='lat' dir='ltr'>doctores</span> <span class='ocrx_word' id='word_1_53' title='bbox 1030 924 1168 971; x_wconf 90' lang='lat' dir='ltr'>atque</span> <span class='ocrx_word' id='word_1_54' title='bbox 1199 918 1372 958; x_wconf 89' lang='lat' dir='ltr'>librarii</span> <span class='ocrx_word' id='word_1_55' title='bbox 1402 917 1597 957; x_wconf 85' lang='lat' dir='ltr'>scribere</span> <span class='ocrx_word' id='word_1_56' title='bbox 1617 920 1766 956; x_wconf 88' lang='lat' dir='ltr'>tenta-</span> 
     </span>
     <span class='ocr_line' id='line_1_10' title="bbox 500 994 1767 1047; baseline -0.002 -14"><span class='ocrx_word' id='word_1_57' title='bbox 500 999 680 1043; x_wconf 79' lang='lat' dir='ltr'>verunt,</span> <span class='ocrx_word' id='word_1_58' title='bbox 703 995 855 1035; x_wconf 87' lang='lat' dir='ltr'>nescio</span> <span class='ocrx_word' id='word_1_59' title='bbox 875 1008 966 1047; x_wconf 92' lang='lat' dir='ltr'>quo</span> <span class='ocrx_word' id='word_1_60' title='bbox 987 1000 1123 1047; x_wconf 87' lang='lat' dir='ltr'>pacto</span> <span class='ocrx_word' id='word_1_61' title='bbox 1145 994 1369 1034; x_wconf 89' lang='lat' dir='ltr'>difficilius</span> <span class='ocrx_word' id='word_1_62' title='bbox 1391 994 1687 1046; x_wconf 89' lang='lat' dir='ltr'>reliquerunt,</span> <span class='ocrx_word' id='word_1_63' title='bbox 1708 1005 1767 1032; x_wconf 90' lang='lat' dir='ltr'>an</span> 
     </span>
     <span class='ocr_line' id='line_1_11' title="bbox 500 1068 1829 1124; baseline -0.001 -13"><span class='ocrx_word' id='word_1_64' title='bbox 500 1076 688 1124; x_wconf 87' lang='lat' dir='ltr'>propter</span> <span class='ocrx_word' id='word_1_65' title='bbox 723 1071 1027 1112; x_wconf 86' lang='lat' dir='ltr'>mortalitates</span> <span class='ocrx_word' id='word_1_66' title='bbox 1066 1071 1475 1124; x_wconf 85' lang='lat' dir='ltr'>frequentissimas,</span> <span class='ocrx_word' id='word_1_67' title='bbox 1503 1069 1576 1110; x_wconf 77' lang='lat' dir='ltr'>vel</span> <span class='ocrx_word' id='word_1_68' title='bbox 1616 1068 1768 1109; x_wconf 91' lang='lat' dir='ltr'>clades</span> <span class='ocrx_word' id='word_1_69' title='bbox 1789 1082 1829 1110; x_wconf 92' lang='lat'>10</span> 
     </span>
     <span class='ocr_line' id='line_1_12' title="bbox 501 1147 1769 1202; baseline -0.002 -14"><span class='ocrx_word' id='word_1_70' title='bbox 501 1148 797 1189; x_wconf 87' lang='lat' dir='ltr'>creberrimas</span> <span class='ocrx_word' id='word_1_71' title='bbox 815 1149 1052 1189; x_wconf 88' lang='lat' dir='ltr'>bellorum.</span> <span class='ocrx_word' id='word_1_72' title='bbox 1106 1148 1258 1202; x_wconf 79' lang='lat' dir='ltr'>Rogo,</span> <span class='ocrx_word' id='word_1_73' title='bbox 1280 1153 1331 1189; x_wconf 91' lang='lat' dir='ltr'>ut</span> <span class='ocrx_word' id='word_1_74' title='bbox 1351 1147 1497 1189; x_wconf 89' lang='lat' dir='ltr'>omnis</span> <span class='ocrx_word' id='word_1_75' title='bbox 1515 1147 1673 1196; x_wconf 85' lang='lat' dir='ltr'>lector,</span> <span class='ocrx_word' id='word_1_76' title='bbox 1691 1147 1769 1200; x_wconf 90' lang='lat' dir='ltr'>qui</span> 
     </span>
     <span class='ocr_line' id='line_1_13' title="bbox 500 1225 1768 1279; baseline -0.002 -13"><span class='ocrx_word' id='word_1_77' title='bbox 500 1225 664 1279; x_wconf 83' lang='lat' dir='ltr'>legerit</span> <span class='ocrx_word' id='word_1_78' title='bbox 690 1225 811 1266; x_wconf 89' lang='lat' dir='ltr'>hunc</span> <span class='ocrx_word' id='word_1_79' title='bbox 839 1226 1020 1276; x_wconf 87' lang='lat' dir='ltr'>librum,</span> <span class='ocrx_word' id='word_1_80' title='bbox 1042 1225 1119 1266; x_wconf 89' lang='lat' dir='ltr'>det</span> <span class='ocrx_word' id='word_1_81' title='bbox 1144 1226 1324 1266; x_wconf 87' lang='lat' dir='ltr'>veniam</span> <span class='ocrx_word' id='word_1_82' title='bbox 1356 1225 1481 1274; x_wconf 89' lang='lat' dir='ltr'>mihi,</span> <span class='ocrx_word' id='word_1_83' title='bbox 1502 1225 1609 1278; x_wconf 85' lang='lat' dir='ltr'>quia</span> <span class='ocrx_word' id='word_1_84' title='bbox 1629 1237 1768 1264; x_wconf 87' lang='lat' dir='ltr'>ausus</span> 
     </span>
     <span class='ocr_line' id='line_1_14' title="bbox 501 1301 1770 1357; baseline -0.002 -14"><span class='ocrx_word' id='word_1_85' title='bbox 501 1316 601 1343; x_wconf 89' lang='lat' dir='ltr'>sum</span> <span class='ocrx_word' id='word_1_86' title='bbox 620 1308 726 1357; x_wconf 88' lang='lat' dir='ltr'>post</span> <span class='ocrx_word' id='word_1_87' title='bbox 745 1308 900 1344; x_wconf 85' lang='lat' dir='ltr'>tantos</span> <span class='ocrx_word' id='word_1_88' title='bbox 930 1303 1029 1344; x_wconf 85' lang='lat' dir='ltr'>haec</span> <span class='ocrx_word' id='word_1_89' title='bbox 1057 1308 1188 1344; x_wconf 83' lang='lat' dir='ltr'>tanta</span> <span class='ocrx_word' id='word_1_90' title='bbox 1209 1304 1404 1344; x_wconf 87' lang='lat' dir='ltr'>scribere</span> <span class='ocrx_word' id='word_1_91' title='bbox 1426 1302 1557 1356; x_wconf 89' lang='lat' dir='ltr'>quasi</span> <span class='ocrx_word' id='word_1_92' title='bbox 1584 1301 1770 1355; x_wconf 84' lang='lat' dir='ltr'>garrula</span> 
     </span>
     <span class='ocr_line' id='line_1_15' title="bbox 501 1378 1769 1433; baseline -0.001 -13"><span class='ocrx_word' id='word_1_93' title='bbox 501 1380 616 1429; x_wconf 91' lang='lat' dir='ltr'>avis,</span> <span class='ocrx_word' id='word_1_94' title='bbox 643 1380 717 1421; x_wconf 88' lang='lat' dir='ltr'>vel</span> <span class='ocrx_word' id='word_1_95' title='bbox 744 1380 876 1433; x_wconf 88' lang='lat' dir='ltr'>quasi</span> <span class='ocrx_word' id='word_1_96' title='bbox 906 1380 1091 1433; x_wconf 87' lang='lat' dir='ltr'>quidam</span> <span class='ocrx_word' id='word_1_97' title='bbox 1124 1380 1352 1421; x_wconf 87' lang='lat' dir='ltr'>invalidus</span> <span class='ocrx_word' id='word_1_98' title='bbox 1386 1380 1571 1420; x_wconf 89' lang='lat' dir='ltr'>arbiter.</span> <span class='ocrx_word' id='word_1_99' title='bbox 1644 1378 1769 1420; x_wconf 92' lang='lat' dir='ltr'>Cedo</span> 
     </span>
    </p>
   </div>
   <div class='ocr_carea' id='block_1_3' title="bbox 498 1457 1828 1512">
    <p class='ocr_par' dir='ltr' id='par_1_3' title="bbox 498 1457 1828 1512">
     <span class='ocr_line' id='line_1_16' title="bbox 498 1457 1828 1512; baseline 0 -14"><span class='ocrx_word' id='word_1_100' title='bbox 498 1458 581 1507; x_wconf 88' lang='lat' dir='ltr'>illi,</span> <span class='ocrx_word' id='word_1_101' title='bbox 603 1458 681 1511; x_wconf 92' lang='lat' dir='ltr'>qui</span> <span class='ocrx_word' id='word_1_102' title='bbox 701 1457 804 1510; x_wconf 86' lang='lat' dir='ltr'>plus</span> <span class='ocrx_word' id='word_1_103' title='bbox 825 1458 1005 1499; x_wconf 85' lang='lat' dir='ltr'>noverit</span> <span class='ocrx_word' id='word_1_104' title='bbox 1026 1459 1072 1498; x_wconf 92' lang='lat' dir='ltr'>in</span> <span class='ocrx_word' id='word_1_105' title='bbox 1091 1459 1182 1499; x_wconf 86' lang='lat' dir='ltr'>ista</span> <span class='ocrx_word' id='word_1_106' title='bbox 1200 1459 1365 1512; x_wconf 88' lang='lat' dir='ltr'>peritia</span> <span class='ocrx_word' id='word_1_107' title='bbox 1386 1470 1523 1511; x_wconf 87' lang='lat' dir='ltr'>quam</span> <span class='ocrx_word' id='word_1_108' title='bbox 1544 1470 1645 1509; x_wconf 83' lang='lat' dir='ltr'>ego.</span> <span class='ocrx_word' id='word_1_109' title='bbox 1788 1470 1828 1498; x_wconf 88' lang='lat'>15</span> 
     </span>
    </p>
   </div>
   <div class='ocr_carea' id='block_1_4' title="bbox 500 1593 1119 1869">
    <p class='ocr_par' dir='ltr' id='par_1_4' title="bbox 501 1593 1118 1682">
     <span class='ocr_line' id='line_1_17' title="bbox 547 1593 1118 1636; baseline -0.002 -10"><span class='ocrx_word' id='word_1_110' title='bbox 547 1593 560 1613; x_wconf 70' lang='lat'>‘⁰&#39;</span> <span class='ocrx_word' id='word_1_111' title='bbox 583 1595 766 1636; x_wconf 62' lang='lat' dir='ltr'>Doctores]</span> <span class='ocrx_word' id='word_1_112' title='bbox 791 1595 976 1636; x_wconf 68' lang='lat' dir='ltr'>Doctrinae,</span> <span class='ocrx_word' id='word_1_113' title='bbox 998 1595 1118 1626; x_wconf 90' lang='lat' dir='ltr'>Thom-</span> 
     </span>
     <span class='ocr_line' id='line_1_18' title="bbox 501 1645 671 1682; baseline -0.006 -9"><span class='ocrx_word' id='word_1_114' title='bbox 501 1653 551 1682; x_wconf 81' lang='lat' dir='ltr'>as,</span> <span class='ocrx_word' id='word_1_115' title='bbox 566 1652 600 1681; x_wconf 94' lang='lat' dir='ltr'>p.</span> <span class='ocrx_word' id='word_1_116' title='bbox 619 1645 671 1673; x_wconf 85' lang='lat'>39.</span> 
     </span>
    </p>

    <p class='ocr_par' dir='ltr' id='par_1_5' title="bbox 500 1687 1119 1822">
     <span class='ocr_line' id='line_1_19' title="bbox 548 1687 1119 1719; baseline 0.002 -1"><span class='ocrx_word' id='word_1_117' title='bbox 548 1687 560 1707; x_wconf 78' lang='lat'><strong>⁶</strong></span> <span class='ocrx_word' id='word_1_118' title='bbox 584 1688 765 1719; x_wconf 81' lang='lat' dir='ltr'>Annalibus</span> <span class='ocrx_word' id='word_1_119' title='bbox 786 1688 967 1719; x_wconf 75' lang='lat' dir='ltr'>Scottorum</span> <span class='ocrx_word' id='word_1_120' title='bbox 993 1688 1119 1719; x_wconf 63' lang='lat' dir='ltr'>Samon-</span> 
     </span>
     <span class='ocr_line' id='line_1_20' title="bbox 500 1735 1118 1776; baseline -0.003 -9"><span class='ocrx_word' id='word_1_121' title='bbox 500 1735 641 1776; x_wconf 66' lang='lat' dir='ltr'>umque]</span> <span class='ocrx_word' id='word_1_122' title='bbox 674 1735 813 1773; x_wconf 82' lang='lat' dir='ltr'>Scriptis</span> <span class='ocrx_word' id='word_1_123' title='bbox 838 1736 1023 1766; x_wconf 83' lang='lat' dir='ltr'>Scottorum</span> <span class='ocrx_word' id='word_1_124' title='bbox 1049 1736 1118 1766; x_wconf 88' lang='lat' dir='ltr'>An-</span> 
     </span>
     <span class='ocr_line' id='line_1_21' title="bbox 501 1782 766 1822; baseline -0.004 -9"><span class='ocrx_word' id='word_1_125' title='bbox 501 1783 710 1822; x_wconf 77' lang='lat' dir='ltr'>glormnque,</span> <span class='ocrx_word' id='word_1_126' title='bbox 726 1782 766 1812; x_wconf 93' lang='lat' dir='ltr'>L.</span> 
     </span>
    </p>

    <p class='ocr_par' dir='ltr' id='par_1_6' title="bbox 554 1826 1118 1869">
     <span class='ocr_line' id='line_1_22' title="bbox 554 1826 1118 1869; baseline 0 -10"><span class='ocrx_word' id='word_1_127' title='bbox 554 1826 578 1848; x_wconf 70' lang='lat'>¹²</span> <span class='ocrx_word' id='word_1_128' title='bbox 600 1828 738 1869; x_wconf 58' lang='lat' dir='ltr'>Ausus]</span> <span class='ocrx_word' id='word_1_129' title='bbox 763 1827 856 1859; x_wconf 84' lang='lat' dir='ltr'>With</span> <span class='ocrx_word' id='word_1_130' title='bbox 872 1828 927 1859; x_wconf 84' lang='lat' dir='ltr'>the</span> <span class='ocrx_word' id='word_1_131' title='bbox 943 1829 1118 1868; x_wconf 83' lang='lat' dir='ltr'>exception</span> 
     </span>
    </p>
   </div>
   <div class='ocr_carea' id='block_1_5' title="bbox 1154 1594 1771 1868">
    <p class='ocr_par' dir='ltr' id='par_1_7' title="bbox 1154 1594 1771 1719">
     <span class='ocr_line' id='line_1_23' title="bbox 1154 1594 1771 1635; baseline 0.002 -10"><span class='ocrx_word' id='word_1_132' title='bbox 1154 1595 1191 1626; x_wconf 89' lang='lat' dir='ltr'>of</span> <span class='ocrx_word' id='word_1_133' title='bbox 1218 1595 1267 1626; x_wconf 87' lang='lat' dir='ltr'>M.</span> <span class='ocrx_word' id='word_1_134' title='bbox 1301 1594 1357 1626; x_wconf 84' lang='lat' dir='ltr'>the</span> <span class='ocrx_word' id='word_1_135' title='bbox 1389 1595 1488 1626; x_wconf 89' lang='lat' dir='ltr'>MSS.</span> <span class='ocrx_word' id='word_1_136' title='bbox 1520 1605 1619 1635; x_wconf 83' lang='lat' dir='ltr'>agree</span> <span class='ocrx_word' id='word_1_137' title='bbox 1650 1595 1684 1625; x_wconf 89' lang='lat' dir='ltr'>in</span> <span class='ocrx_word' id='word_1_138' title='bbox 1715 1595 1771 1626; x_wconf 89' lang='lat' dir='ltr'>the</span> 
     </span>
     <span class='ocr_line' id='line_1_24' title="bbox 1154 1641 1771 1682; baseline 0.002 -10"><span class='ocrx_word' id='word_1_139' title='bbox 1154 1641 1261 1681; x_wconf 77' lang='lat' dir='ltr'>faulty</span> <span class='ocrx_word' id='word_1_140' title='bbox 1271 1642 1410 1681; x_wconf 85' lang='lat' dir='ltr'>reading</span> <span class='ocrx_word' id='word_1_141' title='bbox 1427 1643 1436 1659; x_wconf 71' lang='lat'><strong><em>⁶</em></strong></span> <span class='ocrx_word' id='word_1_142' title='bbox 1447 1642 1569 1682; x_wconf 62' lang='lat' dir='ltr'>cnjus!</span> <span class='ocrx_word' id='word_1_143' title='bbox 1593 1642 1771 1673; x_wconf 84' lang='lat' dir='ltr'>Camden’s</span> 
     </span>
     <span class='ocr_line' id='line_1_25' title="bbox 1156 1688 1544 1719; baseline 0.003 -1"><span class='ocrx_word' id='word_1_144' title='bbox 1156 1689 1229 1719; x_wconf 84' lang='lat' dir='ltr'>MS.</span> <span class='ocrx_word' id='word_1_145' title='bbox 1245 1689 1344 1719; x_wconf 84' lang='lat' dir='ltr'>reads</span> <span class='ocrx_word' id='word_1_146' title='bbox 1361 1690 1369 1706; x_wconf 86' lang='lat'>‘</span> <span class='ocrx_word' id='word_1_147' title='bbox 1381 1688 1544 1719; x_wconf 87' lang='lat' dir='ltr'>conatus.’</span> 
     </span>
    </p>

    <p class='ocr_par' dir='ltr' id='par_1_8' title="bbox 1202 1733 1722 1775">
     <span class='ocr_line' id='line_1_26' title="bbox 1202 1733 1722 1775; baseline 0.002 -10"><span class='ocrx_word' id='word_1_148' title='bbox 1202 1733 1225 1753; x_wconf 71' lang='lat'>¹⁴</span> <span class='ocrx_word' id='word_1_149' title='bbox 1249 1735 1360 1775; x_wconf 61' lang='lat' dir='ltr'>Aris]</span> <span class='ocrx_word' id='word_1_150' title='bbox 1385 1737 1493 1773; x_wconf 82' lang='lat' dir='ltr'>Anus,</span> <span class='ocrx_word' id='word_1_151' title='bbox 1511 1734 1628 1765; x_wconf 84' lang='lat' dir='ltr'>Camd.</span> <span class='ocrx_word' id='word_1_152' title='bbox 1645 1735 1722 1766; x_wconf 88' lang='lat' dir='ltr'>MS.</span> 
     </span>
    </p>

    <p class='ocr_par' dir='ltr' id='par_1_9' title="bbox 1154 1780 1770 1868">
     <span class='ocr_line' id='line_1_27' title="bbox 1202 1780 1770 1822; baseline 0 -10"><span class='ocrx_word' id='word_1_153' title='bbox 1202 1780 1226 1799; x_wconf 86' lang='lat'>¹⁵</span> <span class='ocrx_word' id='word_1_154' title='bbox 1251 1782 1381 1812; x_wconf 81' lang='lat' dir='ltr'>Peritia</span> <span class='ocrx_word' id='word_1_155' title='bbox 1397 1782 1517 1822; x_wconf 69' lang='lat' dir='ltr'>quam]</span> <span class='ocrx_word' id='word_1_156' title='bbox 1543 1782 1671 1813; x_wconf 85' lang='lat' dir='ltr'>Peritia</span> <span class='ocrx_word' id='word_1_157' title='bbox 1689 1783 1770 1820; x_wconf 78' lang='lat' dir='ltr'>satis</span> 
     </span>
     <span class='ocr_line' id='line_1_28' title="bbox 1154 1829 1323 1868; baseline 0.012 -10"><span class='ocrx_word' id='word_1_158' title='bbox 1154 1838 1266 1868; x_wconf 85' lang='lat' dir='ltr'>quam,</span> <span class='ocrx_word' id='word_1_159' title='bbox 1284 1829 1323 1860; x_wconf 89' lang='lat' dir='ltr'>L.</span> 
     </span>
    </p>
   </div>
   <div class='ocr_carea' id='block_1_6' title="bbox 1133 1592 1140 1727">
    <p class='ocr_par' dir='ltr' id='par_1_10' title="bbox 1133 1592 1140 1727">
     <span class='ocr_line' id='line_1_29' title="bbox 1133 1592 1140 1727; baseline 0 1519"><span class='ocrx_word' id='word_1_160' title='bbox 1133 1592 1140 1727; x_wconf 95' lang='lat' dir='ltr'> </span> 
     </span>
    </p>
   </div>
   <div class='ocr_carea' id='block_1_7' title="bbox 1134 1732 1141 1871">
    <p class='ocr_par' dir='ltr' id='par_1_11' title="bbox 1134 1732 1141 1871">
     <span class='ocr_line' id='line_1_30' title="bbox 1134 1732 1141 1871; baseline 0 0"><span class='ocrx_word' id='word_1_161' title='bbox 1134 1732 1141 1871; x_wconf 95' lang='lat' dir='ltr'> </span> 
     </span>
    </p>
   </div>
  </div>
 </body>
</html>
