2096 3246
327 437 386 461 The
395 436 509 474 'Roman

327 476 441 501 empne.

537 318 594 358 22
906 326 1132 356 Hls'romA
1169 325 1434 363 Bssl'roNUM,

607 431 720 485 §29.
756 431 929 472 Iterum
963 430 1234 483 repetendus
1270 435 1339 470 est
1373 441 1521 469 sermo
1556 429 1611 469 de
1646 428 1799 468 Maxi-

539 499 691 539 miano
712 497 946 551 Tyranno.
1018 496 1269 537 Gratianus
1305 508 1407 535 cum
1427 494 1567 535 fratre
1588 494 1799 535 Valenti-

540 565 677 606 niano
711 564 921 615 regnavit
950 576 1033 603 sex
1065 562 1226 612 annis3
1260 566 1303 601 et
1330 560 1600 601 Ambrosius
1623 560 1799 601 Medio-

539 631 740 671 lanensis
778 630 1017 682 episcopus
1050 628 1199 668 clarus
1234 627 1486 667 habebatur
1515 627 1561 667 in
1595 626 1799 667 Catholi-

540 709 695 736 corum
725 696 953 747 dogmate.
1023 694 1378 734 Valentinianus
1414 706 1514 732 cum
1542 692 1800 733 Theodosio
1840 701 1858 728 5

539 762 751 814 regnavit
781 762 912 802 annis
933 766 1050 801 octo.
1122 759 1332 813 Synodus
1355 758 1800 811 Constantinopolim

539 829 770 880 colligitur
800 840 827 868 a
857 827 1072 868 trecentis
1101 826 1255 866 decem
1287 831 1331 866 et
1362 830 1465 866 octo
1495 825 1717 878 patribus,
1754 825 1802 864 in

540 907 631 945 qua
646 906 802 934 omnes
817 894 1013 933 haereses
1029 893 1317 933 damnantur.
1380 891 1692 944 Hieronymus
1704 895 1802 931 tum

542 959 778 1011 presbyter
798 958 1033 998 Bethleem
1054 959 1101 998 in
1122 964 1219 998 toto
1239 957 1407 997 mundo
1431 958 1608 997 claruit.
1679 956 1802 997 Dum

544 1023 796 1064 Gratianus
826 1023 1064 1076 imperium
1095 1024 1283 1074 regebat
1319 1024 1367 1062 in
1405 1028 1503 1063 toto
1543 1022 1728 1071 mundo,
1755 1022 1803 1062 in
1821 1036 1862 1064 ιο

542 1090 820 1137 Brittannia,
869 1102 950 1141 per
993 1088 1260 1129 seditionem
1309 1087 1518 1136 militum,
1568 1087 1805 1128 Maximus

540 1156 788 1208 imperator
819 1154 966 1195 factus
999 1160 1081 1195 est.
1172 1150 1264 1204 Qui
1289 1167 1397 1193 mox
1419 1153 1526 1194 dum
1552 1154 1600 1194 in
1627 1153 1805 1194 Gallias

541 1221 874 1270 transfretaret,
921 1220 1172 1261 Gratianus
1228 1220 1434 1268 Parisiis,
1493 1219 1804 1260 Meroblaudis

540 1288 748 1339 magistri
797 1287 990 1328 militum
1042 1286 1313 1339 proditione,
1352 1291 1593 1338 superatus
1633 1291 1718 1335 est,
1759 1291 1805 1326 et

541 1354 722 1406 fugiens
737 1353 951 1405 Lugduni
972 1359 1133 1405 captus
1156 1359 1293 1405 atque
1314 1352 1489 1393 occisus
1509 1358 1592 1392 est.
1665 1351 1803 1392 Max·
1823 1365 1863 1394 15

540 1420 658 1459 imus
679 1419 915 1460 Victorem
937 1419 1079 1459 filium
1102 1432 1234 1458 suum
1256 1423 1512 1459 consortem
1532 1419 1661 1470 regni
1681 1417 1803 1458 fecit.

542 1485 774 1525 Martinus
795 1485 1077 1525 Turonensis
1108 1485 1347 1537 episcopus
1379 1484 1427 1523 in
1458 1484 1637 1536 magnis
1661 1484 1804 1524 virtu-

540 1551 662 1591 tibus
679 1551 857 1591 claruit.
929 1550 1043 1591 Post
1064 1550 1256 1590 multum
1277 1550 1568 1590 intervallum
1590 1549 1807 1602 temporis

544 1630 569 1656 a
591 1617 922 1658 Valentiniano
943 1622 988 1657 et
1009 1616 1267 1657 Theodosio
1290 1615 1581 1665 Consulibus,
1602 1615 1650 1656 in
1669 1615 1806 1658 tertio

543 1684 600 1723 ab
622 1682 836 1735 Aquileia
852 1683 1004 1735 lapide
1024 1683 1246 1735 spoliatus
1270 1682 1547 1722 indumentis
1577 1682 1806 1735 regalibus
1824 1697 1866 1725 20

543 1749 720 1789 sistitur
752 1754 796 1789 et
828 1749 976 1801 capite
999 1748 1256 1789 damnatur.
1328 1747 1471 1801 Cujus
1505 1747 1624 1787 filius
1643 1748 1807 1788 Victor

542 1815 700 1855 eodem
727 1828 848 1855 anno
877 1815 933 1854 ab
953 1813 1213 1866 Arbogaste
1245 1814 1409 1854 comite
1439 1813 1705 1854 interfectus
1736 1818 1807 1855 e'st

542 1881 588 1920 in
613 1880 780 1921 Gallia.

1191 2045 1276 2074 niele
1310 2054 1329 2075 a
1357 2044 1585 2075 considerable
1615 2046 1743 2084 portion
1773 2047 1811 2077 of

1191 2091 1284 2121 these
1306 2090 1426 2121 details
1449 2091 1628 2131 regarding
1647 2091 1702 2122 the
1722 2092 1807 2124 later

1193 2138 1320 2168 Roman
1338 2138 1514 2176 Emperors
1530 2138 1559 2168 is
1575 2138 1757 2169 extracted.

589 2046 598 2064 ¹
625 2047 858 2086 iuna-imiana]
884 2046 1047 2085 Maximo,
1065 2046 1104 2076 L.

587 2091 600 2110 ‘³
625 2093 772 2133 Fratre]
798 2094 912 2131 Patre,
930 2092 1037 2123 MSS.

587 2137 600 2156 ‘³
623 2139 878 2179 Valentiniana]
910 2139 1157 2177 Valentiniano,

540 2185 582 2216 A.
597 2186 609 2226 Η
624 2196 631 2223 ;
655 2186 866 2225 Yalentiano,
879 2186 922 2216 Β,
937 2196 944 2223 ;
968 2185 1157 2224 Valentino,

1239 2181 1264 2201 ¹⁴
1287 2184 1333 2213 Et
1339 2183 1476 2222 fugiens
1495 2207 1501 2215 .
1529 2207 1535 2215 .
1563 2207 1569 2215 .
1594 2185 1716 2216 occisus
1729 2185 1805 2226 est.]

539 2243 567 2263 a.

586 2277 598 2295 ³
617 2278 684 2308 Sea·
700 2278 821 2317 annis]
845 2278 953 2308 Annis
973 2277 1091 2315 tribus,
1110 2277 1153 2307 D.

545 2325 581 2354 E.
605 2325 647 2354 G.
663 2325 705 2354 P.
727 2325 782 2361 H.;
805 2324 900 2354 annis
917 2327 1054 2362 septem,
1070 2334 1099 2353 α.

585 2368 598 2387 ⁶
620 2370 727 2400 Annis
743 2370 838 2409 octa]
864 2371 970 2399 Annis
987 2373 1019 2408 7,
1037 2369 1077 2399 Ε.

585 2413 598 2436 ⁷
621 2416 650 2446 A
677 2419 739 2446 318
759 2415 934 2455 patribus]
958 2415 990 2445 A
1015 2418 1077 2446 350
1098 2424 1155 2453 pa-

541 2463 660 2501 tribus,
678 2462 722 2493 D.
740 2463 782 2493 E.
803 2463 846 2493 G.
866 2462 913 2493 H.
932 2462 974 2492 P.
995 2462 1037 2493 R.
1055 2472 1085 2491 a.

587 2507 610 2526 Π
644 2509 841 2548 illusimus]
914 2508 1156 2546 Maximianus,

540 2555 647 2586 MSS.

587 2600 612 2619 ¹³
635 2601 790 2639 Parisiis,
807 2600 1053 2640 Meroblaudis]
1086 2599 1156 2630 The

541 2647 639 2678 MSS.
663 2647 741 2678 here
764 2647 863 2686 being
880 2646 1000 2686 faulty,
1014 2646 1070 2677 the
1086 2649 1156 2676 text

539 2693 600 2725 has
624 2695 708 2724 been
726 2693 900 2732 amended,
924 2693 958 2723 in
983 2703 1003 2723 a
1026 2692 1092 2723 few
1108 2693 1156 2722 in-

540 2744 683 2777 stannes,
706 2740 751 2778 by
763 2750 782 2770 a
799 2740 1006 2778 comparison
1022 2739 1059 2769 of
1071 2738 1156 2769 their

1194 2230 1264 2259 Om.
1285 2230 1328 2260 B.
1351 2231 1388 2260 C.
1408 2229 1452 2260 D.

1238 2274 1262 2293 ¹⁵
1286 2276 1455 2306 Blamimus
1475 2299 1482 2306 .
1511 2299 1517 2307 .
1545 2300 1552 2307 .
1578 2276 1704 2317 .fecz't.]
1732 2277 1804 2308 Om.

1190 2322 1231 2352 E.
1250 2322 1299 2352 H.
1321 2322 1387 2352 and
1410 2322 1521 2353 added
1544 2324 1577 2353 in
1601 2322 1656 2353 the
1678 2324 1807 2363 margin

1189 2368 1226 2398 of
1239 2368 1280 2398 P.

1236 2412 1263 2431 '²⁰
1286 2414 1465 2455 Aquileia]
1504 2414 1700 2455 W'ilrileisa,
1737 2416 1805 2453 G.;

1191 2460 1359 2499 Uuilasia,
1387 2461 1457 2498 H.;
1487 2461 1644 2492 Inclusus
1667 2462 1701 2492 in
1728 2462 1806 2493 Mu-

1190 2507 1281 2545 letta,
1299 2506 1327 2537 b.
1343 2518 1350 2543 3
1375 2507 1527 2547 Mulena,
1543 2508 1586 2538 P.

1236 2550 1262 2570 ‘2²
1285 2553 1494 2593 Arbogaste]
1532 2554 1732 2593 Argabaste,
1763 2555 1805 2586 E.

1194 2599 1236 2630 G.
1255 2600 1325 2637 K.;
1349 2600 1504 2640 Argeste,
1530 2600 1573 2631 A.
1600 2600 1668 2638 B.;
1695 2600 1806 2641 Argu-

1192 2647 1300 2683 buste,
1317 2656 1346 2677 ιι.

1236 2689 1263 2710 2³
1289 2692 1428 2732 Gallim]
1453 2691 1579 2731 Gallia,
1594 2693 1738 2731 peractis
1762 2693 1805 2724 ab

1191 2738 1285 2768 initio
1310 2738 1425 2769 mundi
1449 2741 1534 2769 5690
1560 2739 1667 2778 annis,
1695 2739 1739 2770 D.
1760 2740 1803 2771 G.

539 2786 694 2825 readings
719 2786 800 2816 nith
827 2786 972 2824 Prosper
994 2786 1031 2816 of
1050 2785 1157 2823 Aqui·
1194 2784 1241 2815 H.
1272 2785 1315 2815 N.
1346 2785 1387 2815 P.
1414 2795 1468 2822 a.;
1504 2785 1546 2815 ab
1580 2786 1804 2816 incarnatione

538 2833 619 2865 tain,
637 2833 727 2863 AD.
742 2835 815 2871 384,
828 2832 909 2863 from
927 2832 1039 2862 whose
1053 2831 1154 2862 Chro-
1194 2831 1342 2871 Domini,
1360 2834 1433 2870 391,
1453 2832 1479 2861 Ι.
1499 2831 1559 2868 L.;
1584 2834 1659 2870 491,
1679 2833 1721 2863 K.
