1997 3220
582 262 804 292 Avo'rome
839 262 1033 291 Nizs'xio.

169 367 274 408 dum
300 367 516 420 populum
539 367 636 407 Dei.
713 366 785 406 llli

1389 253 1438 293 13

809 373 976 415 autem,
1001 367 1076 419 qui
1100 368 1436 420 superfuerant,

169 433 365 474 inierunt
383 434 619 474 consilium
636 439 683 473 ut
706 432 988 486 expellerent
1008 433 1150 481 illum,
1171 447 1224 473 ne
1249 448 1436 485 regnum

169 499 349 540 illorum
381 500 607 540 obsideret
640 505 684 540 et
717 505 977 552 occuparet,
1001 500 1109 552 quia
1140 499 1305 540 fratres
1339 501 1437 540 illo-

171 578 270 605 rum
298 566 490 606 demersi
513 572 642 606 erant
673 566 717 605 in
751 566 958 606 Rubrum
983 566 1129 614 Mare,
1151 572 1193 606 et
1219 566 1438 619 expulsus

133 646 152 673 6
172 637 255 672 est.

327 631 391 672 At
424 633 498 672 ille
534 646 614 685 per
635 632 941 685 quadraginta
965 638 1009 673 et
1037 632 1150 672 duos
1173 645 1318 672 annos
1343 646 1437 672 am-

171 697 345 739 bulavit
369 712 449 751 per
470 697 686 739 Afl'ricam
707 712 716 748 ;
741 705 785 739 et
806 704 1027 739 venerunt
1051 698 1107 738 ad
1129 697 1248 738 Aras
1272 698 1438 739 Philis-

172 764 371 805 tinorum
406 778 485 817 per
517 765 665 805 larum
696 764 969 813 Salinarum,
994 771 1037 805 et
1066 770 1289 806 venerunt
1323 766 1441 806 inter

174 830 453 871 Rusicadam
497 836 542 871 et
576 836 753 872 montes
790 830 985 880 Azaria3
1018 837 1061 872 et
1096 837 1319 872 venerunt
1362 846 1441 885 per

174 896 341 938 flumen
374 897 595 947 Malvam,
618 903 663 938 et
695 898 973 938 transierunt
1007 911 1088 951 per
1120 898 1348 938 maritima
1383 898 1439 938 ad

114 973 154 1002 ιο
175 962 424 1004 Columnas
462 963 694 1013 Herculis,
734 970 779 1005 et
816 965 1151 1017 navigaverunt
1183 964 1441 1018 Tyrrenum

174 1043 314 1080 mare,
337 1036 382 1071 et
413 1036 719 1084 pervenerunt
741 1030 797 1070 ad
823 1030 1097 1084 Hispaniam
1130 1044 1289 1083 usque,
1312 1038 1355 1071 et
1381 1032 1440 1071 ibi

174 1096 496 1138 habitaverunt
532 1110 612 1150 per
647 1097 813 1138 multos
847 1110 1008 1146 annoS,
1042 1103 1085 1137 et
1117 1103 1358 1138 creverunt
1397 1104 1443 1138 et

174 1163 464 1216 multiplicati
494 1170 602 1204 sunt
634 1163 781 1212 nimis,
804 1169 849 1203 et
870 1176 982 1215 gens
1014 1163 1194 1203 illorum
1223 1163 1442 1216 multipli-

174 1234 279 1269 cata
306 1235 375 1270 est
407 1230 555 1270 nimis.

646 1229 705 1270 Et
736 1235 898 1282 postea
931 1235 1154 1270 venerunt
1187 1229 1243 1269 ad
1274 1229 1442 1270 Hiber-

117 1309 157 1337 15
175 1296 298 1336 niam
330 1301 434 1348 post
466 1295 588 1336 mille
621 1301 667 1336 et
703 1295 816 1336 duos
850 1308 996 1336 annos
1031 1302 1275 1348 postquam
1309 1297 1443 1336 mersi

174 1367 282 1403 sunt
311 1361 523 1416 AEgyptii
555 1363 601 1402 in
635 1361 845 1402 Rubrum
882 1362 1029 1411 Mare,
1063 1367 1107 1403 et
1142 1361 1199 1402 ad
1234 1363 1443 1415 regiones

177 1428 369 1470 Darieta
402 1429 448 1469 in
483 1434 686 1482 tempore
719 1442 810 1481 quo
846 1429 1069 1481 regnabat
1101 1428 1273 1469 Brutus
1321 1429 1442 1481 apud

178 1494 430 1544 Romanos,
454 1507 482 1535 a
503 1508 592 1548 quo
615 1494 838 1535 Consules
873 1508 970 1535 esse
1005 1500 1260 1548 coeperunt,
1281 1495 1443 1536 deinde

178 1561 371 1602 Tribuni
402 1561 546 1614 plebis
580 1574 632 1602 ac
655 1561 932 1602 Dictatores.

1007 1561 1067 1602 Et
1089 1560 1313 1602 Consules
1343 1575 1441 1602 rur-

118 1642 160 1671 20
177 1640 255 1668 sus
275 1627 622 1681 Rempublicam
644 1628 940 1668 obtinuerunt
960 1640 1041 1681 per
1061 1639 1206 1668 annos
1226 1627 1443 1680 quadrin-

178 1699 341 1747 gentos
362 1694 670 1747 quadraginta
690 1699 880 1746 septem,
902 1707 1004 1746 qua:
1035 1694 1162 1747 prius
1194 1694 1322 1747 regia
1343 1694 1442 1747 dig-

176 1761 321 1801 nitate
356 1761 575 1801 damnata
613 1760 777 1801 fuerat.

869 1760 1104 1801 Brittones
1142 1766 1367 1801 venerunt
1397 1761 1444 1801 in

177 1827 314 1868 tertia
336 1832 473 1868 aetate
494 1827 651 1867 mundi
673 1827 730 1867 ad
754 1827 1063 1867 Brittanniam
1083 1840 1092 1877 3
1123 1826 1269 1868 Scotti
1292 1833 1444 1868 autem

177 1894 226 1934 in
246 1898 412 1947 quarta
433 1894 729 1934 obtinuerunt
750 1893 1035 1934 Hiberniam.

226 2040 240 2060 ³
256 2039 418 2078 Fratres]
442 2041 568 2079 Fortes,
586 2041 628 2072 B.
643 2041 702 2078 C.;
728 2050 795 2071 ma-

173 2090 277 2128 jores,
292 2098 322 2119 a.

226 2133 240 2153 ⁴
257 2135 423 2175 Expulsus
438 2130 514 2177 est]
543 2133 716 2173 Expulsus
732 2136 793 2164 est.

181 2181 249 2212 Iste
275 2190 375 2221 gener
391 2181 555 2212 Phar-onis
578 2184 660 2219 erat,
683 2180 716 2210 id
733 2183 795 2218 est,

181 2237 252 2259 mas
267 2228 375 2258 Scotae
397 2227 474 2258 filiae
500 2227 676 2265 Pharonis,
703 2227 746 2258 G.
766 2227 794 2257 I.

183 2275 228 2305 K.
248 2274 314 2312 N.;
339 2270 377 2319 [a
397 2284 475 2313 qua,
491 2277 528 2304 ut
554 2273 669 2313 fertur,
685 2273 796 2304 Scotia

182 2321 246 2352 fuit
261 2321 442 2360 appellata,
467 2317 526 2364 L.]

224 2365 238 2388 ⁷
255 2363 471 2410 Salinarum]
485 2367 690 2404 Palmarum,
705 2366 795 2397 AB.

225 2412 239 2432 8
272 2409 432 2456 ΑΖανὶιε.]
492 2414 625 2451 Azarae,
666 2412 705 2443 L.
733 2413 774 2447 Q.
789 2423 796 2450 ;

185 2463 341 2491 montana
353 2460 472 2499 Syriae,
483 2459 527 2490 D.
540 2459 568 2490 L
581 2462 612 2497 2,
625 2459 666 2489 P.
680 2469 798 2497 marg.,

183 2518 213 2538 ιι.
254 2507 386 2545 Araret,
403 2506 432 2536 b.

230 2551 242 2572 ⁹
267 2552 437 2592 Man-am]
462 2551 590 2589 Malva,
608 2550 713 2581 MSS.

230 2597 243 2617 ⁹
267 2598 467 2638 lllaritima]
482 2598 734 2635 Mauritaniam,
753 2596 798 2627 H.

185 2646 294 2677 Hunt.
312 2645 336 2677 f.
352 2648 415 2677 172
429 2656 437 2683 ;
466 2645 685 2681 maritaniam,
701 2654 730 2674 a.

232 2691 255 2711 ¹⁵
273 2692 352 2723 Post
368 2694 450 2722 1002
463 2687 591 2734 annos]
610 2689 801 2729 According

183 2742 217 2769 to
231 2739 298 2770 this
315 2742 489 2769 statement
512 2738 589 2777 they
613 2736 743 2767 arrived
768 2737 799 2767 in

185 2785 318 2816 Ireland
356 2788 419 2816 529
456 2794 553 2824 years
591 2783 702 2814 before
746 2782 800 2814 the

185 2831 352 2863 Christian
369 2841 435 2862 era.

1108 1893 1254 1934 Scotti
1276 1899 1445 1943 autem,

878 2038 903 2058 ¹⁶
927 2041 972 2071 Et
1011 2042 1052 2071 ad
1094 2041 1239 2080 regiones
1273 2040 1442 2086 Dar-ieta]

829 2086 936 2118 These
948 2087 1058 2118 words
1075 2098 1131 2119 are
1148 2088 1284 2119 omitted
1295 2089 1328 2119 in
1338 2099 1369 2128 α,
1380 2090 1445 2120 and

830 2134 863 2164 in
883 2133 930 2164 H.
950 2134 1058 2164 Hunt.

879 2178 902 2200 ¹⁷
919 2176 1087 2224 Dar-ieta]
1107 2180 1271 2220 Dalrieta,
1293 2182 1331 2213 C.
1352 2182 1444 2214 G.L.

831 2227 920 2257 P.R.
936 2238 944 2265 ;
969 2227 1133 2267 Dalricta,
1149 2228 1180 2257 E
1194 2239 1201 2266 ;
1226 2237 1246 2258 a
1261 2228 1390 2259 district
1414 2230 1446 2259 in

832 2273 954 2304 Ulster.
1124 2275 1129 2283 “

877 2317 903 2338 ‘³²
929 2320 1091 2351 Damnata
1110 2315 1254 2364 fuerim]
1288 2320 1447 2352 Damnati

831 2366 973 2406 fuerant,
1012 2367 1077 2405 A.;
1109 2366 1266 2398 damnata
1303 2367 1446 2406 fuerant,

834 2414 877 2444 B.
892 2415 929 2444 C.

878 2457 905 2477 ²³
928 2454 1062 2502 Scotti]
1093 2459 1229 2499 Scithae,
1268 2460 1313 2490 D.
1330 2460 1371 2490 E.
1399 2460 1445 2491 H.

837 2506 879 2536 K.
892 2505 932 2536 P.
953 2501 1005 2548 [id
1021 2508 1083 2543 est,
1093 2506 1208 2545 Scotti,
1227 2506 1269 2536 G.
1284 2506 1312 2536 I.
1325 2503 1444 2550 12'.L.]

881 2548 905 2569 ²⁴
942 2551 1162 2592 Hiberniam]
1236 2552 1446 2584 Hiberniam.

837 2597 922 2628 Haec
953 2608 1028 2628 cum
1060 2608 1123 2628 non
1155 2599 1340 2629 certissima
1369 2600 1446 2638 sint,

837 2644 896 2675 hoc
921 2648 1029 2675 tamen
1055 2648 1180 2675 certum
1210 2648 1261 2676 est
1291 2645 1379 2684 quod
1405 2647 1447 2677 ab

838 2690 1005 2730 Hispania
1018 2691 1212 2722 Hiberniam
1229 2696 1400 2731 venerunt,
1416 2696 1449 2723 et

837 2737 912 2767 inde
935 2746 1013 2776 pars
1035 2747 1147 2768 eorum
1164 2747 1298 2777 egressa
1319 2739 1448 2769 tertiam

838 2784 868 2814 in
889 2784 1061 2815 Britannia
1079 2784 1270 2816 Britonibus
1293 2788 1325 2816 et
1344 2785 1450 2816 Pictis
