1997 3220
142 984 178 1012 10

139 1317 177 1344 1⁵

135 1985 176 2012 25

137 2314 176 2341 30

566 280 590 306 A
602 278 754 307 [21:'1‘011
764 278 788 305 F,
827 278 1022 308 leNNw.
1407 269 1462 308 59

202 379 395 419 hominis
435 385 478 419 et
519 379 662 419 altare
705 379 1068 431 inseparabiliter
1116 393 1254 432 snpra
1304 382 1460 422 t'aeieni

200 445 346 485 sancti
368 446 570 497 corporis
591 445 759 485 stabat.
832 445 890 485 Et
909 445 1121 486 dixerunt
1165 447 1220 485 ad
1245 448 1461 487 Sanc-tuin

208 510 410 558 lltntnm,
435 516 444 531 ‘
472 511 555 551 llle
592 511 724 551 lnnno
761 512 849 551 Dei
883 512 1219 552 commendavit
1251 514 1380 552 nobis·
1414 521 1463 554 nt

200 576 523 617 deduceremus
561 577 686 617 illuni
723 577 778 617 ad
827 584 886 625 te,
926 583 972 618 et
1010 578 1306 630 sepeliremus
1360 592 1462 619 eum

202 648 365 692 tecum,
388 649 434 683 et
456 657 616 683 nomen
639 643 738 697 ejus
766 657 856 683 non
890 644 1062 684 reveles
1084 644 1177 684 ullo
1199 644 1385 693 homini,
1415 651 1464 686 ut

200 708 509 762 nonjurarent
526 723 606 762 per
624 723 672 749 se
694 709 930 750 homines?
973 710 1032 750 Et
1048 711 1325 763 sepelierunt
1345 724 1464 760 eum,

198 779 244 815 et
270 781 373 827 post
395 776 676 828 sepulturam
709 775 773 815 illi
804 775 894 816 duo
925 776 1010 816 viri
1048 777 1218 817 reversi
1259 782 1367 817 sunt
1407 778 1462 817 ad

199 841 367 890 navim,
396 847 441 882 et
464 842 816 893 navigaverunt.
888 840 954 882 At
974 842 1050 882 ille
1072 843 1268 883 Sanetus
1292 843 1463 884 Iltutus

197 907 434 948 ecclesiam
457 908 665 948 fundavit
699 908 820 948 cirea
847 921 1012 961 corpus
1035 909 1182 949 saneti
1203 909 1398 949 hominis
1419 916 1462 950 et

197 974 318 1014 circa
350 974 511 1021 altare,
535 980 580 1015 et
602 981 753 1015 manet
789 987 932 1027 usque
968 975 1014 1014 in
1048 974 1313 1015 hodiernum
1345 976 1462 1016 diem

198 1040 341 1080 altare
364 1046 474 1080 nutu
501 1041 588 1080 Dei
610 1040 831 1081 fulcitum.
904 1040 1045 1081 Venit
1069 1041 1254 1093 quidam
1278 1042 1463 1094 regulus

198 1111 249 1146 ut
282 1107 510 1159 probaret,
544 1113 733 1159 portans
765 1108 943 1160 virgam
972 1108 1017 1147 in
1046 1120 1185 1147 manu
1212 1120 1327 1159 sua3
1361 1122 1462 1148 cur-

199 1173 325 1213 vax-it
369 1186 468 1213 eam
517 1173 638 1213 circa
683 1173 828 1213 altare
870 1174 1088 1213 ambabus
1142 1174 1369 1223 manibus,
1418 1180 1463 1214 et

198 1239 344 1278 tenuit
401 1239 621 1278 ambabus
672 1239 881 1279 manibus
932 1239 1110 1291 virgam
1165 1252 1223 1278 ex
1268 1244 1463 1292 utraque

196 1309 326 1356 parte
375 1310 421 1344 et
460 1305 603 1345 traxit
652 1305 708 1344 ad
755 1317 819 1354 se,
865 1309 911 1345 et
957 1305 1022 1344 sic
1053 1305 1294 1345 veritatem
1341 1305 1463 1345 illius

196 1370 423 1423 probavit,
467 1376 513 1411 et
553 1371 629 1411 ille
667 1376 830 1424 postea
867 1383 949 1424 per
989 1384 1191 1411 mensem
1233 1371 1462 1424 integrum

197 1449 289 1477 non
328 1437 461 1477 vixit.
533 1435 667 1478 Alter
707 1450 816 1477 vero
863 1437 947 1477 sub
992 1437 1138 1477 altare
1179 1438 1377 1490 aspexit,
1417 1443 1463 1478 et

196 1503 339 1543 aciem
379 1499 612 1543 oculorum
654 1503 752 1556 ejus
799 1503 965 1552 amisit,
1015 1508 1060 1543 et
1110 1508 1216 1544 ante
1262 1516 1462 1544 mensem

199 1570 426 1621 integrum
447 1569 588 1609 vitam
612 1569 774 1609 finivit.

266 1635 380 1688 §72
416 1635 476 1675 Et
507 1636 629 1675 aliud
664 1634 868 1675 mirabile
899 1634 946 1673 in
977 1635 1241 1687 supradicta
1276 1635 1462 1687 regione

199 1700 369 1741 Guent.
442 1701 527 1742 Est
553 1702 614 1741 ibi
636 1701 737 1741 fons
756 1700 898 1753 juxta
917 1700 1088 1740 vallum
1111 1701 1236 1753 putei
1265 1700 1461 1751 Mourie,

196 1772 242 1808 et
282 1767 455 1820 lignum
492 1767 538 1807 in
579 1767 728 1807 medio
766 1766 922 1815 fontis,
962 1771 1007 1806 et
1053 1767 1214 1807 lavant
1256 1766 1461 1808 homines

196 1846 358 1874 manus
416 1846 523 1873 suas
595 1846 697 1874 cum
755 1831 955 1872 faciebus
1016 1833 1125 1882 suis,
1184 1838 1230 1874 et
1285 1833 1460 1885 lignum

195 1900 280 1940 sub
314 1899 504 1953 pedibus
539 1900 634 1939 suis
667 1899 836 1939 habent
870 1898 1053 1950 quando
1091 1899 1265 1940 lavant.
1338 1900 1459 1940 Nam

196 1979 281 2018 ego
314 1966 505 2018 probavi
535 1971 580 2006 et
612 1965 705 2005 vidi
735 1964 919 2017 quando
953 1977 1076 2005 mare
1112 1965 1362 2006 inundatur
1403 1966 1459 2006 ad

197 2032 429 2072 mallinam
450 2031 713 2072 extenditur
734 2030 928 2071 Sabrina
954 2044 1091 2084 super
1121 2044 1299 2071 omnem
1322 2033 1460 2072 mari-

198 2099 353 2138 timam
376 2103 422 2138 et
442 2099 572 2150 tegit,
594 2103 640 2138 et
662 2110 806 2150 usque
834 2096 891 2136 ad
922 2096 1093 2138 fontem
1115 2097 1395 2150 perducitur,
1415 2104 1461 2138 et

197 2164 410 2218 impletur
432 2164 534 2204 fons
561 2164 616 2204 de
644 2164 762 2203 sissa
792 2163 1015 2213 Sabrinae‚
1043 2168 1089 2204 et
1120 2163 1261 2204 trahit
1284 2164 1458 2216 lignum

197 2243 349 2271 seeum
385 2243 527 2283 usque
561 2230 617 2270 ad
650 2242 774 2269 mare
806 2242 1039 2281 magnum,
1072 2235 1118 2270 et
1147 2243 1229 2283 per
1258 2231 1457 2283 spatium

198 2297 334 2338 trium
355 2296 530 2337 dierum
550 2296 595 2336 in
621 2308 745 2336 mare
767 2295 1028 2345 invertitur,
1058 2300 1103 2336 et
1133 2296 1181 2336 in
1201 2301 1367 2348 quarto
1389 2296 1460 2337 die

195 2363 243 2403 in
264 2362 526 2416 supradicto
548 2362 672 2403 fonte
693 2361 938 2402 invenitur.
1004 2362 1195 2402 Factum
1217 2368 1286 2403 est
1307 2368 1460 2403 autem

196 2434 246 2470 ut
269 2442 387 2468 unus
409 2429 463 2468 de
486 2429 666 2469 rusticis
697 2428 910 2480 sepeliret
941 2441 1043 2468 eum
1064 2428 1112 2469 in
1135 2433 1256 2468 terra
1277 2429 1333 2468 ad
1354 2442 1458 2481 pro-

246 2589 269 2609 '9
308 2586 466 2632 Finit-ih]
522 2588 567 2619 D.
610 2588 687 2618 here
728 2588 810 2619 ends
846 2589 937 2626 dian,
953 2587 1061 2618 whom
1088 2597 1140 2618 we
1167 2590 1253 2618 meet
1275 2588 1355 2618 with
1378 2598 1414 2618 as
1439 2599 1459 2619 a

197 2637 366 2675 abruptly.
846 2635 1081 2673 mythological
1109 2644 1314 2673 personage3
1345 2635 1404 2664 but
1435 2636 1459 2665 it

242 2681 265 2699 ²¹
298 2678 457 2725 Illam-ic]
503 2682 556 2711 Sir
586 2681 619 2712 S.
654 2680 808 2719 Meyrick
845 2681 957 2711 would
990 2690 1077 2711 seem
1104 2704 1111 2711 .
1139 2704 1146 2711 .
1173 2704 1180 2711 .
1208 2703 1216 2711 .
1240 2683 1273 2711 to
1300 2681 1340 2711 be
1365 2691 1460 2711 occa-

197 2739 367 2768 presumes
397 2729 469 2758 that
491 2727 579 2758 ‘this
605 2728 632 2757 is
656 2728 709 2757 the
734 2727 808 2765 pool
844 2724 1239 2766 sionanyoverflowedby
1250 2727 1460 2758 theSevern.’

197 2775 288 2807 itself
308 2776 345 2806 of
372 2775 515 2813 Meuric,
540 2774 612 2804 that
644 2774 671 2803 is
698 2773 807 2805 Guar-
847 2774 984 2811 Mounc,
1003 2774 1044 2804 B.
1066 2774 1103 2803 C.
