2096 3246
509 322 566 362 66
1009 329 1268 358 .x}¹1¹1‹:N1)1x.

581 434 786 477 XXIV.
820 434 891 474 De
919 434 1118 474 secundo
1151 434 1289 474 etiam
1323 432 1508 481 Severo,
1529 432 1606 485 qui
1642 431 1778 472 solita

512 508 742 543 structura
762 514 938 540 murum
972 501 1182 548 alterum,
1214 499 1270 538 ad
1302 498 1522 539 arcendos
1545 498 1701 538 Pictos
1733 503 1779 538 et

513 569 711 617 Scottos,
744 566 840 607 fieri
872 580 899 606 a
920 565 1193 606 Tinemuthe
1226 578 1369 618 usque
1407 565 1630 605 Bowenes
1661 577 1778 617 prae-

515 635 649 687 cepit.

585 698 759 740 XXV.
794 698 865 738 De
889 697 1177 746 Constantio,
1198 697 1275 750 qui
1310 697 1575 737 Britonibus
1607 697 1653 736 in
1677 695 1779 735 Bri·
1820 706 1838 733 5

516 766 675 806 tannia
713 763 971 817 Imperator
1003 763 1190 803 ultimus
1226 763 1438 816 p1·aesuit;
1486 767 1531 802 et
1565 762 1780 815 quamdiu

518 844 707 884 regnum
746 830 1059 870 Romanorum
1090 830 1136 869 in
1174 830 1388 870 Britones
1420 828 1701 881 perduravit,
1737 833 1782 868 et

520 897 703 950 quando
723 896 788 935 illi
813 896 1048 937 Romanos
1074 896 1263 936 ulterius
1284 896 1482 949 recipere
1505 895 1763 935 noluerunt.

588 961 746 1002 XXV
753 961 792 1001 Ι.
827 961 931 1012 Quo
957 968 1160 1014 tempore
1185 962 1398 1017 Britonqs
1424 962 1588 1016 jugum
1611 961 1784 1001 Roma-

522 1040 682 1068 norum
716 1026 1011 1080 abjecerunt3
1046 1033 1091 1067 et
1128 1027 1311 1079 quando
1343 1018 1538 1068 Nicaena
1568 1027 1785 1080 synodus,
1806 1035 1846 1064 10

525 1093 810 1142 Ambrosius,
836 1093 1085 1141 Martinus,
1107 1092 1435 1146 Hieronymus,
1454 1093 1717 1141 floruerunt,
1743 1096 1789 1132 et

521 1161 576 1200 de
609 1159 945 1199 Maximiniano
974 1159 1193 1212 Tyranno
1226 1165 1270 1200 et
1306 1159 1398 1199 filio
1432 1158 1532 1212 ejus
1553 1158 1786 1208 victoriae3

522 1226 719 1279 qualiter
750 1230 795 1265 et
825 1225 903 1265 ubi
937 1224 1165 1265 interfecti
1184 1225 1383 1266 fuerunt.
1455 1225 1516 1265 Et
1539 1230 1651 1277 quot
1681 1224 1790 1264 anni

524 1293 579 1332 ab
600 1291 731 1331 initio
759 1291 916 1332 mundi
946 1297 992 1332 et
1024 1293 1081 1332 ab
1112 1291 1427 1332 incarnatione
1449 1291 1620 1332 Christi
1647 1303 1791 1343 usque

525 1358 581 1399 ad
603 1357 714 1398 illud
737 1362 917 1411 tempus
940 1358 1234 1398 transierunt.
1809 1372 1848 1399 15

594 1422 827 1465 XXVII.
862 1424 988 1474 Quot
1023 1424 1197 1465 vicibus
1228 1424 1441 1464 Britones
1471 1423 1786 1464 Romanorum

525 1490 662 1530 duces
676 1489 953 1539 occiderunt,
969 1496 1015 1530 et
1028 1503 1120 1542 qua
1133 1489 1383 1530 calliditate
1404 1502 1482 1530 eos
1499 1495 1651 1530 tamen
1673 1503 1790 1530 sem-

526 1569 606 1608 per
637 1554 693 1594 ad
729 1556 903 1595 auxilia
943 1556 1028 1595 sibi
1064 1555 1251 1595 ferenda
1278 1561 1660 1607 provocaverunt.
1732 1555 1793 1596 Et

528 1626 641 1674 quot
662 1622 770 1661 anni
792 1622 1006 1662 Britones
1038 1622 1121 1662 sub
1141 1621 1340 1662 dominio
1362 1621 1675 1662 Romanorum
1693 1621 1792 1662 fue-

528 1692 652 1728 runt.
1811 1698 1853 1727 20

598 1752 860 1793 XXVIII.
914 1752 1048 1803 Quod
1080 1755 1138 1794 ab
1176 1753 1446 1806 expulsione
1480 1754 1794 1794 Romanorum

532 1832 674 1871 usque
707 1819 763 1859 ad
799 1819 1045 1859 adventum
1083 1820 1334 1868 Saxonum,
1367 1819 1470 1875 (per
1505 1832 1648 1860 annos
1668 1813 1794 1860 vide-

529 1886 637 1926 licet
658 1883 763 1939 XL,)
783 1890 882 1925 tota
904 1886 1146 1925 Britannia
1176 1886 1260 1926 sub
1291 1886 1492 1926 maximo
1526 1891 1649 1926 metu
1680 1885 1792 1935 fuit;

531 1960 577 1992 et
597 1951 781 2004 quando
802 1951 1112 2003 Vol-tigernus
1137 1965 1219 1992 rex
1250 1952 1414 2004 impius
1437 1952 1664 2004 regnavit,
1685 1956 1796 2004 quot

532 2018 768 2057 timoribus
800 2018 1076 2070 quantisque
1107 2018 1417 2058 anxietatibus
1439 2031 1683 2071 oppressus
1715 2031 1795 2058 ex·
1814 2026 1855 2055 25

532 2084 650 2123 stitit
667 2097 676 2133 3
696 2088 836 2135 quoto
851 2096 971 2123 anno
987 2096 1013 2123 a
1027 2084 1239 2136 passione
1261 2084 1449 2125 Domini
1468 2084 1676 2125 Saxones
1696 2096 1797 2124 sus-

532 2150 668 2202 cepit,
690 2155 734 2189 et
756 2149 953 2190 insulam
967 2149 1118 2190 Tanet
1139 2150 1195 2190 ad
1218 2150 1565 2191 inhabitandum
1586 2150 1796 2200 tradidit3

533 2220 579 2256 et
610 2215 665 2256 de
696 2216 911 2268 prosapia
941 2216 1078 2256 etiam
1103 2215 1338 2268 Hengisti,
1370 2222 1416 2258 et
1446 2216 1673 2270 quomodo
1695 2216 1799 2257 Bri-

536 2282 739 2322 tanniam
773 2282 927 2331 venit;
971 2287 1016 2322 et
1046 2283 1285 2335 imperium
1318 2282 1633 2324 Romanorum
1663 2296 1801 2335 super

537 2347 750 2388 Britones
773 2352 952 2400 tempus
972 2349 1155 2388 omnino
1176 2361 1274 2388 esse
1297 2349 1445 2389 desiit.
1819 2362 1859 2391 30

605 2412 820 2453 XXIX.
872 2412 1070 2463 Quando
1111 2414 1308 2454 Sanctus
1360 2413 1618 2455 Germanus
1667 2414 1800 2454 fidem

536 2478 866 2531 praedicaturus
899 2479 1188 2520 Britanniam
1210 2481 1402 2530 venerit,
1433 2486 1479 2521 et
1502 2480 1802 2532 Pelagianam

536 2544 746 2586 haeresim
786 2545 1077 2598 exstirpavit,
1114 2546 1364 2595 damnavit,
1411 2552 1455 2587 et
1498 2546 1682 2587 omnino
1724 2547 1802 2587 de-

537 2611 722 2651 struxit.
856 2607 860 2611 ’

607 2675 791 2716 XXX.
826 2676 897 2716 De
922 2677 1055 2717 Benli
1077 2691 1184 2730 rege
1212 2677 1384 2719 infideli
1405 2683 1451 2718 et
1482 2683 1696 2731 tyranno,
1726 2677 1803 2730 qui
1821 2687 1861 2716 35

538 2742 757 2782 Sanctum
784 2741 1066 2783 Germanum
1096 2744 1296 2798 recipere
1325 2744 1487 2794 noluit,
1520 2744 1598 2785 sed
1631 2743 1804 2785 aditum

537 2808 698 2848 domus
721 2821 817 2848 suae
837 2808 1134 2861 prohibuerit.
