<?xml version="1.0" encoding="UTF-8"?>
<!DOCTYPE html PUBLIC "-//W3C//DTD XHTML 1.0 Transitional//EN"
    "http://www.w3.org/TR/xhtml1/DTD/xhtml1-transitional.dtd">
<html xmlns="http://www.w3.org/1999/xhtml" xml:lang="en" lang="en">
 <head>
  <title>
</title>
<meta http-equiv="Content-Type" content="text/html;charset=utf-8" />
  <meta name='ocr-system' content='tesseract 3.04.00' />
  <meta name='ocr-capabilities' content='ocr_page ocr_carea ocr_par ocr_line ocrx_word'/>
</head>
<body>
  <div class='ocr_page' id='page_1' title='image "./nenniihistoriabr00nennuoft_0067.png"; bbox 0 0 1997 3220; ppageno 0'>
   <div class='ocr_carea' id='block_1_1' title="bbox 142 635 1310 686">
    <p class='ocr_par' dir='ltr' id='par_1_1' title="bbox 142 635 1310 686">
     <span class='ocr_line' id='line_1_1' title="bbox 142 635 1310 686; baseline 0.004 -14"><span class='ocrx_word' id='word_1_1' title='bbox 142 646 160 672; x_wconf 84' lang='lat'><strong>5</strong></span> <span class='ocrx_word' id='word_1_2' title='bbox 179 638 301 682; x_wconf 90' lang='lat' dir='ltr'>sunt,</span> <span class='ocrx_word' id='word_1_3' title='bbox 324 647 466 686; x_wconf 81' lang='lat' dir='ltr'>usque</span> <span class='ocrx_word' id='word_1_4' title='bbox 486 635 592 675; x_wconf 87' lang='lat' dir='ltr'>dum</span> <span class='ocrx_word' id='word_1_5' title='bbox 621 637 742 676; x_wconf 82' lang='lat' dir='ltr'>Deus</span> <span class='ocrx_word' id='word_1_6' title='bbox 764 637 984 676; x_wconf 81' lang='lat' dir='ltr'>auxilium</span> <span class='ocrx_word' id='word_1_7' title='bbox 1013 637 1186 677; x_wconf 76' lang='lat' dir='ltr'>dederit</span> <span class='ocrx_word' id='word_1_8' title='bbox 1208 637 1310 678; x_wconf 85' lang='lat' dir='ltr'>illis.</span> 
     </span>
    </p>
   </div>
   <div class='ocr_carea' id='block_1_2' title="bbox 117 1301 154 1329">
    <p class='ocr_par' dir='ltr' id='par_1_2' title="bbox 117 1301 154 1329">
     <span class='ocr_line' id='line_1_2' title="bbox 117 1301 154 1329; baseline 0 0"><span class='ocrx_word' id='word_1_9' title='bbox 117 1301 154 1329; x_wconf 84' lang='lat'>15</span> 
     </span>
    </p>
   </div>
   <div class='ocr_carea' id='block_1_3' title="bbox 596 267 1044 296">
    <p class='ocr_par' dir='ltr' id='par_1_3' title="bbox 596 267 1044 296">
     <span class='ocr_line' id='line_1_3' title="bbox 596 267 1044 296; baseline 0.004 -2"><span class='ocrx_word' id='word_1_10' title='bbox 596 267 620 295; x_wconf 76' lang='lat' dir='ltr'>A</span> <span class='ocrx_word' id='word_1_11' title='bbox 631 267 782 295; x_wconf 49' lang='lat' dir='ltr'>tursolt</span> <span class='ocrx_word' id='word_1_12' title='bbox 794 268 817 295; x_wconf 67' lang='lat'>1⁴:</span> <span class='ocrx_word' id='word_1_13' title='bbox 852 268 1044 296; x_wconf 71' lang='lat' dir='ltr'>N1·:NN1‹›.</span> 
     </span>
    </p>
   </div>
   <div class='ocr_carea' id='block_1_4' title="bbox 183 370 916 419">
    <p class='ocr_par' dir='ltr' id='par_1_4' title="bbox 183 370 916 419">
     <span class='ocr_line' id='line_1_4' title="bbox 183 370 916 419; baseline 0.004 -9"><span class='ocrx_word' id='word_1_14' title='bbox 183 370 334 417; x_wconf 87' lang='lat' dir='ltr'>talem,</span> <span class='ocrx_word' id='word_1_15' title='bbox 359 370 398 409; x_wconf 93' lang='lat' dir='ltr'>id</span> <span class='ocrx_word' id='word_1_16' title='bbox 421 377 505 419; x_wconf 82' lang='lat' dir='ltr'>est,</span> <span class='ocrx_word' id='word_1_17' title='bbox 524 371 641 411; x_wconf 58' lang='lat' dir='ltr'>(fruc</span> <span class='ocrx_word' id='word_1_18' title='bbox 660 372 916 413; x_wconf 70' lang='lat' dir='ltr'>Oeliidient.</span> 
     </span>
    </p>
   </div>
   <div class='ocr_carea' id='block_1_5' title="bbox 1388 263 1436 302">
    <p class='ocr_par' dir='ltr' id='par_1_5' title="bbox 1388 263 1436 302">
     <span class='ocr_line' id='line_1_5' title="bbox 1388 263 1436 302; baseline -0.021 0"><span class='ocrx_word' id='word_1_19' title='bbox 1388 263 1436 302; x_wconf 71' lang='lat'>21</span> 
     </span>
    </p>
   </div>
   <div class='ocr_carea' id='block_1_6' title="bbox 992 373 1441 416">
    <p class='ocr_par' dir='ltr' id='par_1_6' title="bbox 992 373 1441 416">
     <span class='ocr_line' id='line_1_6' title="bbox 992 373 1441 416; baseline 0.009 -4"><span class='ocrx_word' id='word_1_20' title='bbox 992 373 1055 413; x_wconf 84' lang='lat' dir='ltr'>lli</span> <span class='ocrx_word' id='word_1_21' title='bbox 1078 380 1182 413; x_wconf 80' lang='lat' dir='ltr'>sunt</span> <span class='ocrx_word' id='word_1_22' title='bbox 1209 375 1441 416; x_wconf 73' lang='lat' dir='ltr'>Brittones</span> 
     </span>
    </p>
   </div>
   <div class='ocr_carea' id='block_1_7' title="bbox 183 435 1439 493">
    <p class='ocr_par' dir='ltr' id='par_1_7' title="bbox 183 435 1439 493">
     <span class='ocr_line' id='line_1_7' title="bbox 183 435 1439 493; baseline 0.005 -17"><span class='ocrx_word' id='word_1_23' title='bbox 183 435 423 483; x_wconf 71' lang='lat' dir='ltr'>Armorici,</span> <span class='ocrx_word' id='word_1_24' title='bbox 446 444 488 477; x_wconf 84' lang='lat' dir='ltr'>et</span> <span class='ocrx_word' id='word_1_25' title='bbox 516 451 744 491; x_wconf 78' lang='lat' dir='ltr'>nunquam</span> <span class='ocrx_word' id='word_1_26' title='bbox 779 439 945 479; x_wconf 78' lang='lat' dir='ltr'>reversi</span> <span class='ocrx_word' id='word_1_27' title='bbox 979 446 1085 479; x_wconf 80' lang='lat' dir='ltr'>sunt</span> <span class='ocrx_word' id='word_1_28' title='bbox 1109 439 1209 488; x_wconf 66' lang='lat' dir='ltr'>huc,</span> <span class='ocrx_word' id='word_1_29' title='bbox 1232 454 1373 493; x_wconf 78' lang='lat' dir='ltr'>usque</span> <span class='ocrx_word' id='word_1_30' title='bbox 1396 443 1439 481; x_wconf 92' lang='lat' dir='ltr'>in</span> 
     </span>
    </p>
   </div>
   <div class='ocr_carea' id='block_1_8' title="bbox 182 501 611 544">
    <p class='ocr_par' dir='ltr' id='par_1_8' title="bbox 182 501 611 544">
     <span class='ocr_line' id='line_1_8' title="bbox 182 501 611 544; baseline 0.007 -4"><span class='ocrx_word' id='word_1_31' title='bbox 182 501 446 542; x_wconf 86' lang='lat' dir='ltr'>hodiernum</span> <span class='ocrx_word' id='word_1_32' title='bbox 479 504 611 544; x_wconf 89' lang='lat' dir='ltr'>diem.</span> 
     </span>
    </p>
   </div>
   <div class='ocr_carea' id='block_1_9' title="bbox 686 504 1439 557">
    <p class='ocr_par' dir='ltr' id='par_1_9' title="bbox 686 504 1439 557">
     <span class='ocr_line' id='line_1_9' title="bbox 686 504 1439 557; baseline 0.004 -14"><span class='ocrx_word' id='word_1_33' title='bbox 686 504 880 557; x_wconf 83' lang='lat' dir='ltr'>Propter</span> <span class='ocrx_word' id='word_1_34' title='bbox 913 505 993 544; x_wconf 73' lang='lat' dir='ltr'>ho&lt;-</span> <span class='ocrx_word' id='word_1_35' title='bbox 1025 506 1287 546; x_wconf 76' lang='lat' dir='ltr'>Brittannia</span> <span class='ocrx_word' id='word_1_36' title='bbox 1307 520 1439 546; x_wconf 73' lang='lat' dir='ltr'>occu-</span> 
     </span>
    </p>
   </div>
   <div class='ocr_carea' id='block_1_10' title="bbox 181 570 1441 625">
    <p class='ocr_par' dir='ltr' id='par_1_10' title="bbox 181 570 1441 625">
     <span class='ocr_line' id='line_1_10' title="bbox 181 570 1441 625; baseline 0.005 -19"><span class='ocrx_word' id='word_1_37' title='bbox 181 573 289 619; x_wconf 85' lang='lat' dir='ltr'>pata</span> <span class='ocrx_word' id='word_1_38' title='bbox 323 574 390 608; x_wconf 82' lang='lat' dir='ltr'>est</span> <span class='ocrx_word' id='word_1_39' title='bbox 425 570 481 608; x_wconf 82' lang='lat' dir='ltr'>al)</span> <span class='ocrx_word' id='word_1_40' title='bbox 518 571 750 610; x_wconf 78' lang='lat' dir='ltr'>extraneis</span> <span class='ocrx_word' id='word_1_41' title='bbox 782 571 1009 620; x_wconf 60' lang='lat' dir='ltr'>«gentibus,</span> <span class='ocrx_word' id='word_1_42' title='bbox 1031 577 1074 611; x_wconf 87' lang='lat' dir='ltr'>et</span> <span class='ocrx_word' id='word_1_43' title='bbox 1108 572 1230 611; x_wconf 73' lang='lat' dir='ltr'>cives</span> <span class='ocrx_word' id='word_1_44' title='bbox 1261 573 1441 625; x_wconf 82' lang='lat' dir='ltr'>expulsi</span> 
     </span>
    </p>
   </div>
   <div class='ocr_carea' id='block_1_11' title="bbox 1388 638 1439 678">
    <p class='ocr_par' dir='ltr' id='par_1_11' title="bbox 1388 638 1439 678">
     <span class='ocr_line' id='line_1_11' title="bbox 1388 638 1439 678; baseline 0.02 -1"><span class='ocrx_word' id='word_1_45' title='bbox 1388 638 1439 678; x_wconf 91' lang='lat' dir='ltr'>ln</span> 
     </span>
    </p>
   </div>
   <div class='ocr_carea' id='block_1_12' title="bbox 118 700 1439 1019">
    <p class='ocr_par' dir='ltr' id='par_1_12' title="bbox 178 700 1439 875">
     <span class='ocr_line' id='line_1_12' title="bbox 178 700 1439 755; baseline 0.003 -16"><span class='ocrx_word' id='word_1_46' title='bbox 178 700 320 739; x_wconf 83' lang='lat' dir='ltr'>veteri</span> <span class='ocrx_word' id='word_1_47' title='bbox 350 701 592 741; x_wconf 77' lang='lat' dir='ltr'>traditione</span> <span class='ocrx_word' id='word_1_48' title='bbox 623 703 850 742; x_wconf 78' lang='lat' dir='ltr'>seniorum</span> <span class='ocrx_word' id='word_1_49' title='bbox 887 708 1141 742; x_wconf 85' lang='lat' dir='ltr'>nostrorum</span> <span class='ocrx_word' id='word_1_50' title='bbox 1164 710 1336 755; x_wconf 79' lang='lat' dir='ltr'>septem</span> <span class='ocrx_word' id='word_1_51' title='bbox 1358 704 1439 743; x_wconf 93' lang='lat' dir='ltr'>im—</span> 
     </span>
     <span class='ocr_line' id='line_1_13' title="bbox 178 767 1439 821; baseline 0.002 -16"><span class='ocrx_word' id='word_1_52' title='bbox 178 771 411 818; x_wconf 86' lang='lat' dir='ltr'>peratores</span> <span class='ocrx_word' id='word_1_53' title='bbox 443 767 623 807; x_wconf 84' lang='lat' dir='ltr'>suerunt</span> <span class='ocrx_word' id='word_1_54' title='bbox 649 781 676 807; x_wconf 86' lang='lat' dir='ltr'>a</span> <span class='ocrx_word' id='word_1_55' title='bbox 698 768 919 808; x_wconf 83' lang='lat' dir='ltr'>Romanis</span> <span class='ocrx_word' id='word_1_56' title='bbox 951 769 996 808; x_wconf 92' lang='lat' dir='ltr'>in</span> <span class='ocrx_word' id='word_1_57' title='bbox 1020 769 1308 821; x_wconf 75' lang='lat' dir='ltr'>Brittannia,</span> <span class='ocrx_word' id='word_1_58' title='bbox 1345 770 1439 810; x_wconf 91' lang='lat' dir='ltr'>Ro-</span> 
     </span>
     <span class='ocr_line' id='line_1_14' title="bbox 178 833 1007 875; baseline 0.004 -4"><span class='ocrx_word' id='word_1_59' title='bbox 178 833 300 872; x_wconf 88' lang='lat' dir='ltr'>mani</span> <span class='ocrx_word' id='word_1_60' title='bbox 319 838 470 873; x_wconf 87' lang='lat' dir='ltr'>autem</span> <span class='ocrx_word' id='word_1_61' title='bbox 493 833 650 874; x_wconf 82' lang='lat' dir='ltr'>dieunt</span> <span class='ocrx_word' id='word_1_62' title='bbox 671 847 831 874; x_wconf 80' lang='lat' dir='ltr'>novem</span> <span class='ocrx_word' id='word_1_63' title='bbox 856 834 1007 875; x_wconf 83' lang='lat' dir='ltr'>fuisse.</span> 
     </span>
    </p>

    <p class='ocr_par' dir='ltr' id='par_1_13' title="bbox 118 898 1439 1019">
     <span class='ocr_line' id='line_1_15' title="bbox 246 898 1439 953; baseline 0.003 -15"><span class='ocrx_word' id='word_1_64' title='bbox 246 898 450 939; x_wconf 79' lang='lat' dir='ltr'>Octavus</span> <span class='ocrx_word' id='word_1_65' title='bbox 472 899 555 940; x_wconf 83' lang='lat' dir='ltr'>suit</span> <span class='ocrx_word' id='word_1_66' title='bbox 588 900 703 939; x_wconf 88' lang='lat' dir='ltr'>alius</span> <span class='ocrx_word' id='word_1_67' title='bbox 743 900 966 951; x_wconf 81' lang='lat' dir='ltr'>Severus;</span> <span class='ocrx_word' id='word_1_68' title='bbox 1011 902 1089 953; x_wconf 88' lang='lat' dir='ltr'>qui</span> <span class='ocrx_word' id='word_1_69' title='bbox 1117 901 1362 953; x_wconf 86' lang='lat' dir='ltr'>aliquando</span> <span class='ocrx_word' id='word_1_70' title='bbox 1393 902 1439 942; x_wconf 92' lang='lat' dir='ltr'>in</span> 
     </span>
     <span class='ocr_line' id='line_1_16' title="bbox 118 963 1439 1019; baseline 0.004 -16"><span class='ocrx_word' id='word_1_71' title='bbox 118 975 158 1002; x_wconf 78' lang='grc' dir='ltr'>ιο</span> <span class='ocrx_word' id='word_1_72' title='bbox 179 963 441 1005; x_wconf 83' lang='lat' dir='ltr'>Brittannia</span> <span class='ocrx_word' id='word_1_73' title='bbox 472 967 700 1015; x_wconf 81' lang='lat' dir='ltr'>manebat,</span> <span class='ocrx_word' id='word_1_74' title='bbox 728 966 973 1019; x_wconf 88' lang='lat' dir='ltr'>aliquando</span> <span class='ocrx_word' id='word_1_75' title='bbox 1006 967 1061 1006; x_wconf 89' lang='lat' dir='ltr'>ad</span> <span class='ocrx_word' id='word_1_76' title='bbox 1098 966 1292 1007; x_wconf 86' lang='lat' dir='ltr'>Romam</span> <span class='ocrx_word' id='word_1_77' title='bbox 1329 968 1439 1017; x_wconf 87' lang='lat' dir='ltr'>ibat,</span> 
     </span>
    </p>
   </div>
   <div class='ocr_carea' id='block_1_13' title="bbox 177 1031 669 1072">
    <p class='ocr_par' dir='ltr' id='par_1_14' title="bbox 177 1031 669 1072">
     <span class='ocr_line' id='line_1_17' title="bbox 177 1031 669 1072; baseline 0.004 -2"><span class='ocrx_word' id='word_1_78' title='bbox 177 1035 221 1070; x_wconf 91' lang='lat' dir='ltr'>et</span> <span class='ocrx_word' id='word_1_79' title='bbox 242 1031 301 1070; x_wconf 88' lang='lat' dir='ltr'>ibi</span> <span class='ocrx_word' id='word_1_80' title='bbox 323 1031 564 1072; x_wconf 75' lang='lat' dir='ltr'>defunctus</span> <span class='ocrx_word' id='word_1_81' title='bbox 585 1038 669 1072; x_wconf 84' lang='lat' dir='ltr'>est.</span> 
     </span>
    </p>
   </div>
   <div class='ocr_carea' id='block_1_14' title="bbox 246 1096 878 1139">
    <p class='ocr_par' dir='ltr' id='par_1_15' title="bbox 246 1096 878 1139">
     <span class='ocr_line' id='line_1_18' title="bbox 246 1096 878 1139; baseline 0.002 -2"><span class='ocrx_word' id='word_1_82' title='bbox 246 1096 410 1137; x_wconf 83' lang='lat' dir='ltr'>Nonus</span> <span class='ocrx_word' id='word_1_83' title='bbox 446 1098 531 1138; x_wconf 81' lang='lat' dir='ltr'>fuit</span> <span class='ocrx_word' id='word_1_84' title='bbox 566 1098 878 1139; x_wconf 76' lang='lat' dir='ltr'>Constantius,</span> 
     </span>
    </p>
   </div>
   <div class='ocr_carea' id='block_1_15' title="bbox 953 1098 1437 1151">
    <p class='ocr_par' dir='ltr' id='par_1_16' title="bbox 953 1098 1437 1151">
     <span class='ocr_line' id='line_1_19' title="bbox 953 1098 1437 1151; baseline 0.002 -13"><span class='ocrx_word' id='word_1_85' title='bbox 953 1098 974 1138; x_wconf 97' lang='lat' dir='ltr'>I</span> <span class='ocrx_word' id='word_1_86' title='bbox 980 1112 1058 1151; x_wconf 83' lang='lat' dir='ltr'>pse</span> <span class='ocrx_word' id='word_1_87' title='bbox 1090 1100 1300 1151; x_wconf 78' lang='lat' dir='ltr'>regnavit</span> <span class='ocrx_word' id='word_1_88' title='bbox 1332 1112 1437 1139; x_wconf 85' lang='lat' dir='ltr'>sex-</span> 
     </span>
    </p>
   </div>
   <div class='ocr_carea' id='block_1_16' title="bbox 174 1162 1440 1280">
    <p class='ocr_par' dir='ltr' id='par_1_17' title="bbox 174 1162 1440 1280">
     <span class='ocr_line' id='line_1_20' title="bbox 175 1162 1440 1213; baseline 0.004 -12"><span class='ocrx_word' id='word_1_89' title='bbox 175 1162 319 1202; x_wconf 84' lang='lat' dir='ltr'>decim</span> <span class='ocrx_word' id='word_1_90' title='bbox 351 1165 483 1203; x_wconf 87' lang='lat' dir='ltr'>annis</span> <span class='ocrx_word' id='word_1_91' title='bbox 515 1164 559 1203; x_wconf 91' lang='lat' dir='ltr'>in</span> <span class='ocrx_word' id='word_1_92' title='bbox 595 1164 871 1213; x_wconf 77' lang='lat' dir='ltr'>Brittannia,</span> <span class='ocrx_word' id='word_1_93' title='bbox 900 1170 945 1205; x_wconf 91' lang='lat' dir='ltr'>et</span> <span class='ocrx_word' id='word_1_94' title='bbox 976 1165 1286 1205; x_wconf 84' lang='lat' dir='ltr'>sextodecimo</span> <span class='ocrx_word' id='word_1_95' title='bbox 1319 1178 1440 1206; x_wconf 88' lang='lat' dir='ltr'>anno</span> 
     </span>
     <span class='ocr_line' id='line_1_21' title="bbox 174 1227 970 1280; baseline 0.003 -13"><span class='ocrx_word' id='word_1_96' title='bbox 174 1227 349 1280; x_wconf 90' lang='lat' dir='ltr'>imperii</span> <span class='ocrx_word' id='word_1_97' title='bbox 382 1229 451 1268; x_wconf 85' lang='lat' dir='ltr'>sui</span> <span class='ocrx_word' id='word_1_98' title='bbox 483 1230 592 1269; x_wconf 88' lang='lat' dir='ltr'>obiit</span> <span class='ocrx_word' id='word_1_99' title='bbox 625 1230 669 1269; x_wconf 95' lang='lat' dir='ltr'>in</span> <span class='ocrx_word' id='word_1_100' title='bbox 694 1230 970 1270; x_wconf 78' lang='lat' dir='ltr'>Brittannia.</span> 
     </span>
    </p>
   </div>
   <div class='ocr_carea' id='block_1_17' title="bbox 173 1293 1642 1414">
    <p class='ocr_par' dir='ltr' id='par_1_18' title="bbox 173 1293 1642 1414">
     <span class='ocr_line' id='line_1_22' title="bbox 229 1293 1642 1349; baseline 0.003 -15"><span class='ocrx_word' id='word_1_101' title='bbox 229 1293 334 1347; x_wconf 62' lang='lat'>§28</span> <span class='ocrx_word' id='word_1_102' title='bbox 355 1294 609 1347; x_wconf 84' lang='lat' dir='ltr'>Hucusque</span> <span class='ocrx_word' id='word_1_103' title='bbox 630 1302 938 1347; x_wconf 80' lang='lat' dir='ltr'>regnaverunt</span> <span class='ocrx_word' id='word_1_104' title='bbox 956 1295 1155 1336; x_wconf 87' lang='lat' dir='ltr'>Romani</span> <span class='ocrx_word' id='word_1_105' title='bbox 1171 1296 1290 1349; x_wconf 88' lang='lat' dir='ltr'>apud</span> <span class='ocrx_word' id='word_1_106' title='bbox 1316 1296 1440 1337; x_wconf 87' lang='lat' dir='ltr'>Brit·</span> <span class='ocrx_word' id='word_1_107' title='bbox 1457 1302 1516 1327; x_wconf 74' lang='lat' dir='ltr'>The</span> <span class='ocrx_word' id='word_1_108' title='bbox 1530 1302 1642 1328; x_wconf 69' lang='lat' dir='ltr'>Britons</span> 
     </span>
     <span class='ocr_line' id='line_1_23' title="bbox 173 1361 1134 1414; baseline 0.003 -14"><span class='ocrx_word' id='word_1_109' title='bbox 173 1364 304 1401; x_wconf 90' lang='lat' dir='ltr'>tones</span> <span class='ocrx_word' id='word_1_110' title='bbox 337 1361 682 1414; x_wconf 78' lang='lat' dir='ltr'>quadringentis</span> <span class='ocrx_word' id='word_1_111' title='bbox 715 1367 760 1402; x_wconf 92' lang='lat' dir='ltr'>et</span> <span class='ocrx_word' id='word_1_112' title='bbox 790 1375 952 1402; x_wconf 80' lang='lat' dir='ltr'>novem</span> <span class='ocrx_word' id='word_1_113' title='bbox 987 1363 1134 1403; x_wconf 86' lang='lat' dir='ltr'>annis.</span> 
     </span>
    </p>
   </div>
   <div class='ocr_carea' id='block_1_18' title="bbox 1206 1363 1440 1403">
    <p class='ocr_par' dir='ltr' id='par_1_19' title="bbox 1206 1363 1440 1403">
     <span class='ocr_line' id='line_1_24' title="bbox 1206 1363 1440 1403; baseline 0.004 -1"><span class='ocrx_word' id='word_1_114' title='bbox 1206 1363 1440 1403; x_wconf 85' lang='lat' dir='ltr'>Brittones</span> 
     </span>
    </p>
   </div>
   <div class='ocr_carea' id='block_1_19' title="bbox 173 1427 1440 1613">
    <p class='ocr_par' dir='ltr' id='par_1_20' title="bbox 173 1427 1440 1613">
     <span class='ocr_line' id='line_1_25' title="bbox 173 1427 1440 1481; baseline 0.002 -15"><span class='ocrx_word' id='word_1_115' title='bbox 173 1431 325 1466; x_wconf 87' lang='lat' dir='ltr'>autem</span> <span class='ocrx_word' id='word_1_116' title='bbox 374 1427 636 1481; x_wconf 84' lang='lat' dir='ltr'>dejecerunt</span> <span class='ocrx_word' id='word_1_117' title='bbox 678 1441 866 1480; x_wconf 79' lang='lat' dir='ltr'>regnum</span> <span class='ocrx_word' id='word_1_118' title='bbox 915 1428 1243 1477; x_wconf 87' lang='lat' dir='ltr'>Romanorum,</span> <span class='ocrx_word' id='word_1_119' title='bbox 1295 1442 1440 1481; x_wconf 89' lang='lat' dir='ltr'>neque</span> 
     </span>
     <span class='ocr_line' id='line_1_26' title="bbox 173 1493 1438 1547; baseline 0.002 -15"><span class='ocrx_word' id='word_1_120' title='bbox 173 1505 357 1532; x_wconf 90' lang='lat' dir='ltr'>censum</span> <span class='ocrx_word' id='word_1_121' title='bbox 403 1493 624 1534; x_wconf 90' lang='lat' dir='ltr'>dederunt</span> <span class='ocrx_word' id='word_1_122' title='bbox 654 1493 759 1543; x_wconf 87' lang='lat' dir='ltr'>illis,</span> <span class='ocrx_word' id='word_1_123' title='bbox 790 1507 934 1546; x_wconf 90' lang='lat' dir='ltr'>neque</span> <span class='ocrx_word' id='word_1_124' title='bbox 970 1507 1100 1547; x_wconf 81' lang='lat' dir='ltr'>reges</span> <span class='ocrx_word' id='word_1_125' title='bbox 1128 1508 1283 1535; x_wconf 89' lang='lat' dir='ltr'>eorum</span> <span class='ocrx_word' id='word_1_126' title='bbox 1312 1508 1438 1535; x_wconf 85' lang='lat' dir='ltr'>acee-</span> 
     </span>
     <span class='ocr_line' id='line_1_27' title="bbox 173 1560 1439 1613; baseline 0.002 -15"><span class='ocrx_word' id='word_1_127' title='bbox 173 1564 338 1610; x_wconf 90' lang='lat' dir='ltr'>perunt</span> <span class='ocrx_word' id='word_1_128' title='bbox 379 1565 429 1600; x_wconf 92' lang='lat' dir='ltr'>ut</span> <span class='ocrx_word' id='word_1_129' title='bbox 463 1565 708 1612; x_wconf 79' lang='lat' dir='ltr'>regnarent</span> <span class='ocrx_word' id='word_1_130' title='bbox 747 1573 885 1613; x_wconf 89' lang='lat' dir='ltr'>super</span> <span class='ocrx_word' id='word_1_131' title='bbox 921 1573 1014 1609; x_wconf 85' lang='lat' dir='ltr'>eos,</span> <span class='ocrx_word' id='word_1_132' title='bbox 1054 1573 1200 1613; x_wconf 88' lang='lat' dir='ltr'>neque</span> <span class='ocrx_word' id='word_1_133' title='bbox 1240 1560 1439 1601; x_wconf 87' lang='lat' dir='ltr'>Romani</span> 
     </span>
    </p>
   </div>
   <div class='ocr_carea' id='block_1_20' title="bbox 112 1624 1438 1678">
    <p class='ocr_par' dir='ltr' id='par_1_21' title="bbox 112 1624 1438 1678">
     <span class='ocr_line' id='line_1_28' title="bbox 112 1624 1438 1678; baseline 0.002 -14"><span class='ocrx_word' id='word_1_134' title='bbox 112 1631 154 1659; x_wconf 87' lang='lat'>20</span> <span class='ocrx_word' id='word_1_135' title='bbox 173 1624 273 1665; x_wconf 87' lang='lat' dir='ltr'>ausi</span> <span class='ocrx_word' id='word_1_136' title='bbox 297 1630 405 1665; x_wconf 84' lang='lat' dir='ltr'>sunt</span> <span class='ocrx_word' id='word_1_137' title='bbox 432 1631 483 1666; x_wconf 92' lang='lat' dir='ltr'>ut</span> <span class='ocrx_word' id='word_1_138' title='bbox 504 1626 712 1666; x_wconf 84' lang='lat' dir='ltr'>venirent</span> <span class='ocrx_word' id='word_1_139' title='bbox 733 1626 1042 1666; x_wconf 80' lang='lat' dir='ltr'>Brittanniam</span> <span class='ocrx_word' id='word_1_140' title='bbox 1069 1626 1125 1666; x_wconf 86' lang='lat' dir='ltr'>ad</span> <span class='ocrx_word' id='word_1_141' title='bbox 1154 1627 1438 1678; x_wconf 80' lang='lat' dir='ltr'>regnandum</span> 
     </span>
    </p>
   </div>
   <div class='ocr_carea' id='block_1_21' title="bbox 172 1690 1436 1744">
    <p class='ocr_par' dir='ltr' id='par_1_22' title="bbox 172 1690 1436 1744">
     <span class='ocr_line' id='line_1_29' title="bbox 172 1690 1436 1744; baseline 0.001 -13"><span class='ocrx_word' id='word_1_142' title='bbox 172 1690 384 1743; x_wconf 84' lang='lat' dir='ltr'>amplius,</span> <span class='ocrx_word' id='word_1_143' title='bbox 406 1692 513 1744; x_wconf 89' lang='lat' dir='ltr'>quia</span> <span class='ocrx_word' id='word_1_144' title='bbox 539 1691 676 1732; x_wconf 89' lang='lat' dir='ltr'>duces</span> <span class='ocrx_word' id='word_1_145' title='bbox 702 1691 882 1732; x_wconf 89' lang='lat' dir='ltr'>illorum</span> <span class='ocrx_word' id='word_1_146' title='bbox 906 1692 1140 1733; x_wconf 86' lang='lat' dir='ltr'>Brittones</span> <span class='ocrx_word' id='word_1_147' title='bbox 1162 1692 1436 1733; x_wconf 84' lang='lat' dir='ltr'>occiderant.</span> 
     </span>
    </p>
   </div>
   <div class='ocr_carea' id='block_1_22' title="bbox 163 1846 790 2815">
    <p class='ocr_par' dir='ltr' id='par_1_23' title="bbox 163 1846 790 2815">
     <span class='ocr_line' id='line_1_30' title="bbox 222 1846 790 1889; baseline 0 -11"><span class='ocrx_word' id='word_1_148' title='bbox 222 1846 229 1865; x_wconf 94' lang='lat'><strong>¹</strong></span> <span class='ocrx_word' id='word_1_149' title='bbox 267 1849 352 1879; x_wconf 80' lang='lat' dir='ltr'>Cruc</span> <span class='ocrx_word' id='word_1_150' title='bbox 392 1848 593 1889; x_wconf 63' lang='lat' dir='ltr'>Ochidient]</span> <span class='ocrx_word' id='word_1_151' title='bbox 649 1848 790 1880; x_wconf 79' lang='lat' dir='ltr'>Cl&#39;utlio-</span> 
     </span>
     <span class='ocr_line' id='line_1_31' title="bbox 175 1893 789 1934; baseline 0.002 -10"><span class='ocrx_word' id='word_1_152' title='bbox 175 1893 333 1933; x_wconf 86' lang='lat' dir='ltr'>chidient,</span> <span class='ocrx_word' id='word_1_153' title='bbox 352 1895 395 1925; x_wconf 92' lang='lat' dir='ltr'>D.</span> <span class='ocrx_word' id='word_1_154' title='bbox 445 1895 493 1925; x_wconf 90' lang='lat' dir='ltr'>Its</span> <span class='ocrx_word' id='word_1_155' title='bbox 510 1896 652 1934; x_wconf 83' lang='lat' dir='ltr'>position</span> <span class='ocrx_word' id='word_1_156' title='bbox 676 1895 704 1925; x_wconf 91' lang='lat' dir='ltr'>is</span> <span class='ocrx_word' id='word_1_157' title='bbox 730 1905 789 1925; x_wconf 90' lang='lat' dir='ltr'>un-</span> 
     </span>
     <span class='ocr_line' id='line_1_32' title="bbox 174 1939 789 1980; baseline 0.003 -11"><span class='ocrx_word' id='word_1_158' title='bbox 174 1939 308 1971; x_wconf 88' lang='lat' dir='ltr'>known.</span> <span class='ocrx_word' id='word_1_159' title='bbox 380 1941 507 1972; x_wconf 76' lang='lat' dir='ltr'>Davies</span> <span class='ocrx_word' id='word_1_160' title='bbox 545 1942 697 1980; x_wconf 84' lang='lat' dir='ltr'>explains</span> <span class='ocrx_word' id='word_1_161' title='bbox 734 1942 789 1972; x_wconf 88' lang='lat' dir='ltr'>the</span> 
     </span>
     <span class='ocr_line' id='line_1_33' title="bbox 175 1986 790 2027; baseline 0.003 -11"><span class='ocrx_word' id='word_1_162' title='bbox 175 1986 290 2017; x_wconf 85' lang='lat' dir='ltr'>Welsh</span> <span class='ocrx_word' id='word_1_163' title='bbox 306 1987 399 2017; x_wconf 89' lang='lat' dir='ltr'>word</span> <span class='ocrx_word' id='word_1_164' title='bbox 415 1988 423 2004; x_wconf 88' lang='lat'>‘</span> <span class='ocrx_word' id='word_1_165' title='bbox 436 1987 538 2025; x_wconf 76' lang='lat' dir='ltr'>Crug&#39;</span> <span class='ocrx_word' id='word_1_166' title='bbox 554 1997 592 2018; x_wconf 90' lang='lat' dir='ltr'>as</span> <span class='ocrx_word' id='word_1_167' title='bbox 608 1987 790 2027; x_wconf 77' lang='lat' dir='ltr'>signisying</span> 
     </span>
     <span class='ocr_line' id='line_1_34' title="bbox 175 2032 788 2072; baseline 0.005 -10"><span class='ocrx_word' id='word_1_168' title='bbox 175 2033 183 2048; x_wconf 90' lang='lat'>‘</span> <span class='ocrx_word' id='word_1_169' title='bbox 195 2032 336 2072; x_wconf 88' lang='lat' dir='ltr'>Cippus‚</span> <span class='ocrx_word' id='word_1_170' title='bbox 348 2034 520 2064; x_wconf 88' lang='lat' dir='ltr'>tumulus.’</span> <span class='ocrx_word' id='word_1_171' title='bbox 545 2034 641 2065; x_wconf 84' lang='lat' dir='ltr'>After</span> <span class='ocrx_word' id='word_1_172' title='bbox 656 2034 721 2064; x_wconf 89' lang='lat' dir='ltr'>this</span> <span class='ocrx_word' id='word_1_173' title='bbox 734 2034 788 2065; x_wconf 89' lang='lat' dir='ltr'>the</span> 
     </span>
     <span class='ocr_line' id='line_1_35' title="bbox 173 2078 787 2119; baseline 0.005 -11"><span class='ocrx_word' id='word_1_174' title='bbox 173 2078 344 2118; x_wconf 77' lang='lat' dir='ltr'>following</span> <span class='ocrx_word' id='word_1_175' title='bbox 367 2080 598 2119; x_wconf 80' lang='lat' dir='ltr'>interpolation</span> <span class='ocrx_word' id='word_1_176' title='bbox 623 2081 651 2111; x_wconf 92' lang='lat' dir='ltr'>is</span> <span class='ocrx_word' id='word_1_177' title='bbox 678 2080 787 2111; x_wconf 86' lang='lat' dir='ltr'>added</span> 
     </span>
     <span class='ocr_line' id='line_1_36' title="bbox 174 2125 787 2165; baseline 0.003 -10"><span class='ocrx_word' id='word_1_178' title='bbox 174 2125 206 2155; x_wconf 91' lang='lat' dir='ltr'>in</span> <span class='ocrx_word' id='word_1_179' title='bbox 230 2125 284 2156; x_wconf 90' lang='lat' dir='ltr'>the</span> <span class='ocrx_word' id='word_1_180' title='bbox 308 2127 436 2165; x_wconf 86' lang='lat' dir='ltr'>margin</span> <span class='ocrx_word' id='word_1_181' title='bbox 459 2126 496 2157; x_wconf 89' lang='lat' dir='ltr'>of</span> <span class='ocrx_word' id='word_1_182' title='bbox 518 2127 562 2157; x_wconf 87' lang='grc' dir='ltr'>Κ.</span> <span class='ocrx_word' id='word_1_183' title='bbox 583 2127 648 2157; x_wconf 82' lang='lat' dir='ltr'>and</span> <span class='ocrx_word' id='word_1_184' title='bbox 676 2128 708 2157; x_wconf 89' lang='lat' dir='ltr'>in</span> <span class='ocrx_word' id='word_1_185' title='bbox 732 2126 787 2157; x_wconf 87' lang='lat' dir='ltr'>the</span> 
     </span>
     <span class='ocr_line' id='line_1_37' title="bbox 173 2172 787 2203; baseline 0.003 -2"><span class='ocrx_word' id='word_1_186' title='bbox 173 2174 243 2202; x_wconf 86' lang='lat' dir='ltr'>text</span> <span class='ocrx_word' id='word_1_187' title='bbox 258 2172 295 2202; x_wconf 87' lang='lat' dir='ltr'>os</span> <span class='ocrx_word' id='word_1_188' title='bbox 308 2172 337 2202; x_wconf 88' lang='grc' dir='ltr'>Ι.</span> <span class='ocrx_word' id='word_1_189' title='bbox 351 2173 415 2203; x_wconf 87' lang='lat' dir='ltr'>and</span> <span class='ocrx_word' id='word_1_190' title='bbox 430 2173 468 2203; x_wconf 91' lang='lat' dir='ltr'>L.</span> <span class='ocrx_word' id='word_1_191' title='bbox 509 2174 517 2190; x_wconf 85' lang='lat'>‘</span> <span class='ocrx_word' id='word_1_192' title='bbox 533 2173 685 2203; x_wconf 86' lang='lat' dir='ltr'>Britones</span> <span class='ocrx_word' id='word_1_193' title='bbox 697 2183 787 2203; x_wconf 84' lang='lat' dir='ltr'>nam-</span> 
     </span>
     <span class='ocr_line' id='line_1_38' title="bbox 172 2218 787 2259; baseline 0.002 -11"><span class='ocrx_word' id='word_1_194' title='bbox 172 2227 237 2256; x_wconf 89' lang='lat' dir='ltr'>que</span> <span class='ocrx_word' id='word_1_195' title='bbox 247 2218 423 2258; x_wconf 82' lang='lat' dir='ltr'>Armoriei,</span> <span class='ocrx_word' id='word_1_196' title='bbox 433 2220 490 2258; x_wconf 82' lang='lat' dir='ltr'>qui</span> <span class='ocrx_word' id='word_1_197' title='bbox 503 2219 589 2249; x_wconf 86' lang='lat' dir='ltr'>ultra</span> <span class='ocrx_word' id='word_1_198' title='bbox 599 2229 688 2250; x_wconf 84' lang='lat' dir='ltr'>mare</span> <span class='ocrx_word' id='word_1_199' title='bbox 699 2223 787 2259; x_wconf 83' lang='lat' dir='ltr'>sunt,</span> 
     </span>
     <span class='ocr_line' id='line_1_39' title="bbox 171 2265 787 2304; baseline 0.003 -10"><span class='ocrx_word' id='word_1_200' title='bbox 171 2273 246 2294; x_wconf 90' lang='lat' dir='ltr'>cum</span> <span class='ocrx_word' id='word_1_201' title='bbox 264 2265 415 2295; x_wconf 85' lang='lat' dir='ltr'>Maximo</span> <span class='ocrx_word' id='word_1_202' title='bbox 434 2268 573 2304; x_wconf 87' lang='lat' dir='ltr'>tyranno</span> <span class='ocrx_word' id='word_1_203' title='bbox 589 2266 664 2297; x_wconf 89' lang='lat' dir='ltr'>hinc</span> <span class='ocrx_word' id='word_1_204' title='bbox 681 2266 713 2296; x_wconf 89' lang='lat' dir='ltr'>in</span> <span class='ocrx_word' id='word_1_205' title='bbox 731 2276 787 2296; x_wconf 90' lang='lat' dir='ltr'>ex-</span> 
     </span>
     <span class='ocr_line' id='line_1_40' title="bbox 171 2310 785 2351; baseline 0.003 -11"><span class='ocrx_word' id='word_1_206' title='bbox 171 2310 371 2349; x_wconf 87' lang='lat' dir='ltr'>peditionem</span> <span class='ocrx_word' id='word_1_207' title='bbox 416 2316 588 2351; x_wconf 85' lang='lat' dir='ltr'>exeuntes,</span> <span class='ocrx_word' id='word_1_208' title='bbox 630 2313 785 2351; x_wconf 86' lang='lat' dir='ltr'>quoniam</span> 
     </span>
     <span class='ocr_line' id='line_1_41' title="bbox 171 2357 786 2397; baseline 0.005 -11"><span class='ocrx_word' id='word_1_209' title='bbox 171 2357 278 2387; x_wconf 86' lang='lat' dir='ltr'>redire</span> <span class='ocrx_word' id='word_1_210' title='bbox 309 2359 537 2397; x_wconf 87' lang='lat' dir='ltr'>nequiverant,</span> <span class='ocrx_word' id='word_1_211' title='bbox 563 2359 786 2390; x_wconf 84' lang='lat' dir='ltr'>occidentales</span> 
     </span>
     <span class='ocr_line' id='line_1_42' title="bbox 171 2403 786 2441; baseline 0.003 -8"><span class='ocrx_word' id='word_1_212' title='bbox 171 2406 282 2441; x_wconf 87' lang='lat' dir='ltr'>partes</span> <span class='ocrx_word' id='word_1_213' title='bbox 299 2403 422 2435; x_wconf 82' lang='lat' dir='ltr'>Galliae</span> <span class='ocrx_word' id='word_1_214' title='bbox 439 2405 509 2435; x_wconf 86' lang='lat' dir='ltr'>solo</span> <span class='ocrx_word' id='word_1_215' title='bbox 524 2408 620 2435; x_wconf 88' lang='lat' dir='ltr'>tenus</span> <span class='ocrx_word' id='word_1_216' title='bbox 636 2408 786 2435; x_wconf 84' lang='lat' dir='ltr'>vastave-</span> 
     </span>
     <span class='ocr_line' id='line_1_43' title="bbox 170 2450 783 2489; baseline 0.003 -10"><span class='ocrx_word' id='word_1_217' title='bbox 170 2452 259 2487; x_wconf 91' lang='lat' dir='ltr'>runt,</span> <span class='ocrx_word' id='word_1_218' title='bbox 275 2459 335 2480; x_wconf 89' lang='lat' dir='ltr'>nec</span> <span class='ocrx_word' id='word_1_219' title='bbox 352 2450 535 2489; x_wconf 80' lang='lat' dir='ltr'>mingentes</span> <span class='ocrx_word' id='word_1_220' title='bbox 558 2451 601 2480; x_wconf 82' lang='lat' dir='ltr'>ad</span> <span class='ocrx_word' id='word_1_221' title='bbox 624 2452 783 2489; x_wconf 85' lang='lat' dir='ltr'>parietem</span> 
     </span>
     <span class='ocr_line' id='line_1_44' title="bbox 170 2495 784 2535; baseline 0.002 -10"><span class='ocrx_word' id='word_1_222' title='bbox 170 2495 281 2525; x_wconf 88' lang='lat' dir='ltr'>vivere</span> <span class='ocrx_word' id='word_1_223' title='bbox 312 2496 538 2534; x_wconf 84' lang='lat' dir='ltr'>reliquerunt;</span> <span class='ocrx_word' id='word_1_224' title='bbox 572 2497 784 2535; x_wconf 75' lang='lat' dir='ltr'>acceptisque</span> 
     </span>
     <span class='ocr_line' id='line_1_45' title="bbox 169 2542 785 2574; baseline 0.003 -3"><span class='ocrx_word' id='word_1_225' title='bbox 169 2551 282 2572; x_wconf 90' lang='lat' dir='ltr'>eorum</span> <span class='ocrx_word' id='word_1_226' title='bbox 296 2542 457 2573; x_wconf 86' lang='lat' dir='ltr'>uxoribus</span> <span class='ocrx_word' id='word_1_227' title='bbox 469 2546 501 2573; x_wconf 86' lang='lat' dir='ltr'>et</span> <span class='ocrx_word' id='word_1_228' title='bbox 513 2543 644 2573; x_wconf 85' lang='lat' dir='ltr'>filiabus</span> <span class='ocrx_word' id='word_1_229' title='bbox 661 2543 693 2573; x_wconf 90' lang='lat' dir='ltr'>in</span> <span class='ocrx_word' id='word_1_230' title='bbox 710 2552 785 2574; x_wconf 87' lang='lat' dir='ltr'>con-</span> 
     </span>
     <span class='ocr_line' id='line_1_46' title="bbox 163 2588 785 2627; baseline 0.002 -9"><span class='ocrx_word' id='word_1_231' title='bbox 163 2588 313 2627; x_wconf 80' lang='lat' dir='ltr'>jugium,</span> <span class='ocrx_word' id='word_1_232' title='bbox 323 2598 435 2619; x_wconf 88' lang='lat' dir='ltr'>omnes</span> <span class='ocrx_word' id='word_1_233' title='bbox 447 2599 559 2620; x_wconf 89' lang='lat' dir='ltr'>earum</span> <span class='ocrx_word' id='word_1_234' title='bbox 573 2589 706 2627; x_wconf 77' lang='lat' dir='ltr'>linguas</span> <span class='ocrx_word' id='word_1_235' title='bbox 718 2598 785 2619; x_wconf 89' lang='lat' dir='ltr'>am-</span> 
     </span>
     <span class='ocr_line' id='line_1_47' title="bbox 170 2636 785 2672; baseline 0.002 -8"><span class='ocrx_word' id='word_1_236' title='bbox 170 2637 383 2672; x_wconf 83' lang='lat' dir='ltr'>putaverunt,</span> <span class='ocrx_word' id='word_1_237' title='bbox 407 2645 448 2666; x_wconf 88' lang='lat' dir='ltr'>ne</span> <span class='ocrx_word' id='word_1_238' title='bbox 475 2645 586 2666; x_wconf 86' lang='lat' dir='ltr'>eorum</span> <span class='ocrx_word' id='word_1_239' title='bbox 618 2636 785 2666; x_wconf 84' lang='lat' dir='ltr'>successio</span> 
     </span>
     <span class='ocr_line' id='line_1_48' title="bbox 171 2681 786 2721; baseline 0.005 -12"><span class='ocrx_word' id='word_1_240' title='bbox 171 2683 351 2711; x_wconf 85' lang='lat' dir='ltr'>maternam</span> <span class='ocrx_word' id='word_1_241' title='bbox 367 2681 515 2721; x_wconf 87' lang='lat' dir='ltr'>linguam</span> <span class='ocrx_word' id='word_1_242' title='bbox 531 2682 684 2713; x_wconf 86' lang='lat' dir='ltr'>disceret.</span> <span class='ocrx_word' id='word_1_243' title='bbox 718 2682 786 2712; x_wconf 87' lang='lat' dir='ltr'>Un-</span> 
     </span>
     <span class='ocr_line' id='line_1_49' title="bbox 171 2725 787 2759; baseline 0.005 -4"><span class='ocrx_word' id='word_1_244' title='bbox 171 2725 213 2756; x_wconf 85' lang='lat' dir='ltr'>de</span> <span class='ocrx_word' id='word_1_245' title='bbox 241 2736 300 2757; x_wconf 81' lang='lat' dir='ltr'>nos</span> <span class='ocrx_word' id='word_1_246' title='bbox 327 2727 401 2758; x_wconf 84' lang='lat' dir='ltr'>illos</span> <span class='ocrx_word' id='word_1_247' title='bbox 428 2738 584 2759; x_wconf 83' lang='lat' dir='ltr'>vocamus</span> <span class='ocrx_word' id='word_1_248' title='bbox 612 2729 643 2759; x_wconf 91' lang='lat' dir='ltr'>in</span> <span class='ocrx_word' id='word_1_249' title='bbox 675 2731 787 2758; x_wconf 87' lang='lat' dir='ltr'>nostra</span> 
     </span>
     <span class='ocr_line' id='line_1_50' title="bbox 170 2771 786 2815; baseline 0.003 -13"><span class='ocrx_word' id='word_1_250' title='bbox 170 2771 286 2812; x_wconf 86' lang='lat' dir='ltr'>lingua</span> <span class='ocrx_word' id='word_1_251' title='bbox 322 2773 541 2806; x_wconf 80' lang='lat' dir='ltr'>Letewiccion</span> <span class='ocrx_word' id='word_1_252' title='bbox 581 2775 681 2815; x_wconf 80' lang='lat' dir='ltr'>[Lhet</span> <span class='ocrx_word' id='word_1_253' title='bbox 720 2775 786 2813; x_wconf 87' lang='lat' dir='ltr'>Vy-</span> 
     </span>
    </p>
   </div>
   <div class='ocr_carea' id='block_1_23' title="bbox 802 2111 806 2666">
    <p class='ocr_par' dir='ltr' id='par_1_24' title="bbox 802 2111 806 2666">
     <span class='ocr_line' id='line_1_51' title="bbox 802 2111 806 2666; baseline 0 0"><span class='ocrx_word' id='word_1_254' title='bbox 802 2111 806 2666; x_wconf 95' lang='lat' dir='ltr'> </span> 
     </span>
    </p>
   </div>
   <div class='ocr_carea' id='block_1_24' title="bbox 820 1847 1440 2812">
    <p class='ocr_par' dir='ltr' id='par_1_25' title="bbox 824 1847 1440 2063">
     <span class='ocr_line' id='line_1_52' title="bbox 824 1847 1439 1888; baseline 0.003 -11"><span class='ocrx_word' id='word_1_255' title='bbox 824 1847 914 1887; x_wconf 87' lang='lat' dir='ltr'>dion,</span> <span class='ocrx_word' id='word_1_256' title='bbox 929 1848 1057 1888; x_wconf 64' lang='lat' dir='ltr'>Camd]</span> <span class='ocrx_word' id='word_1_257' title='bbox 1072 1848 1105 1878; x_wconf 90' lang='lat' dir='ltr'>id</span> <span class='ocrx_word' id='word_1_258' title='bbox 1118 1851 1179 1887; x_wconf 88' lang='lat' dir='ltr'>est,</span> <span class='ocrx_word' id='word_1_259' title='bbox 1190 1848 1439 1887; x_wconf 87' lang='lat' dir='ltr'>Semitacentes,</span> 
     </span>
     <span class='ocr_line' id='line_1_53' title="bbox 825 1894 1439 1933; baseline 0.003 -10"><span class='ocrx_word' id='word_1_260' title='bbox 825 1894 979 1932; x_wconf 89' lang='lat' dir='ltr'>quoniam</span> <span class='ocrx_word' id='word_1_261' title='bbox 997 1894 1132 1925; x_wconf 87' lang='lat' dir='ltr'>confuse</span> <span class='ocrx_word' id='word_1_262' title='bbox 1149 1895 1340 1933; x_wconf 86' lang='lat' dir='ltr'>loquuntur.</span> <span class='ocrx_word' id='word_1_263' title='bbox 1392 1895 1439 1925; x_wconf 90' lang='lat' dir='ltr'>Hi</span> 
     </span>
     <span class='ocr_line' id='line_1_54' title="bbox 824 1940 1440 1971; baseline 0.003 -2"><span class='ocrx_word' id='word_1_264' title='bbox 824 1943 901 1970; x_wconf 87' lang='lat' dir='ltr'>sunt</span> <span class='ocrx_word' id='word_1_265' title='bbox 924 1940 1088 1971; x_wconf 86' lang='lat' dir='ltr'>Britones’</span> <span class='ocrx_word' id='word_1_266' title='bbox 1127 1964 1134 1971; x_wconf 95' lang='lat'>.</span> <span class='ocrx_word' id='word_1_267' title='bbox 1161 1964 1168 1971; x_wconf 93' lang='lat'>.</span> <span class='ocrx_word' id='word_1_268' title='bbox 1195 1963 1202 1971; x_wconf 91' lang='lat'>.</span> <span class='ocrx_word' id='word_1_269' title='bbox 1229 1963 1236 1971; x_wconf 88' lang='lat'>.</span> <span class='ocrx_word' id='word_1_270' title='bbox 1277 1941 1308 1970; x_wconf 91' lang='lat' dir='ltr'>It</span> <span class='ocrx_word' id='word_1_271' title='bbox 1324 1941 1352 1971; x_wconf 92' lang='lat' dir='ltr'>is</span> <span class='ocrx_word' id='word_1_272' title='bbox 1369 1941 1440 1971; x_wconf 90' lang='lat' dir='ltr'>also</span> 
     </span>
     <span class='ocr_line' id='line_1_55' title="bbox 824 1986 1439 2028; baseline 0.005 -13"><span class='ocrx_word' id='word_1_273' title='bbox 824 1986 947 2024; x_wconf 89' lang='lat' dir='ltr'>quoted</span> <span class='ocrx_word' id='word_1_274' title='bbox 974 1987 1017 2025; x_wconf 90' lang='lat' dir='ltr'>by</span> <span class='ocrx_word' id='word_1_275' title='bbox 1045 1987 1204 2027; x_wconf 87' lang='lat' dir='ltr'>Camden,</span> <span class='ocrx_word' id='word_1_276' title='bbox 1233 1987 1316 2018; x_wconf 89' lang='lat' dir='ltr'>Brit.</span> <span class='ocrx_word' id='word_1_277' title='bbox 1334 1997 1366 2026; x_wconf 90' lang='lat' dir='ltr'>p.</span> <span class='ocrx_word' id='word_1_278' title='bbox 1385 1990 1439 2028; x_wconf 84' lang='lat'>79,</span> 
     </span>
     <span class='ocr_line' id='line_1_56' title="bbox 824 2032 1017 2063; baseline 0.005 -1"><span class='ocrx_word' id='word_1_279' title='bbox 824 2032 903 2063; x_wconf 86' lang='lat' dir='ltr'>edit.</span> <span class='ocrx_word' id='word_1_280' title='bbox 922 2035 1017 2063; x_wconf 82' lang='lat'>1607.</span> 
     </span>
    </p>

    <p class='ocr_par' dir='ltr' id='par_1_26' title="bbox 822 2077 1440 2211">
     <span class='ocr_line' id='line_1_57' title="bbox 871 2077 1436 2119; baseline 0.002 -11"><span class='ocrx_word' id='word_1_281' title='bbox 871 2077 884 2097; x_wconf 86' lang='lat'>³</span> <span class='ocrx_word' id='word_1_282' title='bbox 919 2079 1085 2119; x_wconf 65' lang='lat' dir='ltr'>Propter]</span> <span class='ocrx_word' id='word_1_283' title='bbox 1131 2079 1274 2118; x_wconf 83' lang='lat' dir='ltr'>Propter</span> <span class='ocrx_word' id='word_1_284' title='bbox 1304 2079 1436 2109; x_wconf 89' lang='lat' dir='ltr'>illorum</span> 
     </span>
     <span class='ocr_line' id='line_1_58' title="bbox 823 2125 1440 2164; baseline 0.002 -9"><span class='ocrx_word' id='word_1_285' title='bbox 823 2125 1007 2156; x_wconf 86' lang='lat' dir='ltr'>absentiam</span> <span class='ocrx_word' id='word_1_286' title='bbox 1025 2126 1199 2156; x_wconf 85' lang='lat' dir='ltr'>Britannia</span> <span class='ocrx_word' id='word_1_287' title='bbox 1215 2128 1373 2164; x_wconf 87' lang='lat' dir='ltr'>superata</span> <span class='ocrx_word' id='word_1_288' title='bbox 1389 2128 1440 2156; x_wconf 82' lang='lat' dir='ltr'>est</span> 
     </span>
     <span class='ocr_line' id='line_1_59' title="bbox 822 2171 1438 2211; baseline 0.002 -10"><span class='ocrx_word' id='word_1_289' title='bbox 822 2172 863 2201; x_wconf 89' lang='lat' dir='ltr'>ab</span> <span class='ocrx_word' id='word_1_290' title='bbox 880 2172 1088 2210; x_wconf 77' lang='lat' dir='ltr'>alienigenis,</span> <span class='ocrx_word' id='word_1_291' title='bbox 1104 2172 1148 2202; x_wconf 88' lang='lat' dir='ltr'>D.</span> <span class='ocrx_word' id='word_1_292' title='bbox 1166 2181 1283 2211; x_wconf 64' lang='lat' dir='ltr'>marg„</span> <span class='ocrx_word' id='word_1_293' title='bbox 1300 2172 1342 2202; x_wconf 94' lang='lat' dir='ltr'>P.</span> <span class='ocrx_word' id='word_1_294' title='bbox 1359 2182 1389 2202; x_wconf 82' lang='grc' dir='ltr'>α.</span> <span class='ocrx_word' id='word_1_295' title='bbox 1409 2171 1438 2202; x_wconf 81' lang='lat' dir='ltr'>b.</span> 
     </span>
    </p>

    <p class='ocr_par' dir='ltr' id='par_1_27' title="bbox 822 2216 1437 2302">
     <span class='ocr_line' id='line_1_60' title="bbox 871 2216 1437 2258; baseline 0.002 -11"><span class='ocrx_word' id='word_1_296' title='bbox 871 2216 895 2236; x_wconf 80' lang='lat'>¹³</span> <span class='ocrx_word' id='word_1_297' title='bbox 919 2218 1167 2258; x_wconf 65' lang='lat' dir='ltr'>Sextndecimm]</span> <span class='ocrx_word' id='word_1_298' title='bbox 1199 2217 1437 2257; x_wconf 86' lang='lat' dir='ltr'>Septimodeci-</span> 
     </span>
     <span class='ocr_line' id='line_1_61' title="bbox 822 2263 1210 2302; baseline 0 -8"><span class='ocrx_word' id='word_1_299' title='bbox 822 2274 886 2302; x_wconf 89' lang='lat' dir='ltr'>mo,</span> <span class='ocrx_word' id='word_1_300' title='bbox 907 2265 949 2295; x_wconf 89' lang='lat' dir='ltr'>G.</span> <span class='ocrx_word' id='word_1_301' title='bbox 966 2264 1012 2295; x_wconf 90' lang='lat' dir='ltr'>H.</span> <span class='ocrx_word' id='word_1_302' title='bbox 1026 2265 1067 2295; x_wconf 91' lang='lat' dir='ltr'>P.</span> <span class='ocrx_word' id='word_1_303' title='bbox 1082 2265 1167 2295; x_wconf 64' lang='lat' dir='ltr'>Rsa.</span> <span class='ocrx_word' id='word_1_304' title='bbox 1182 2263 1210 2294; x_wconf 85' lang='lat' dir='ltr'>b.</span> 
     </span>
    </p>

    <p class='ocr_par' dir='ltr' id='par_1_28' title="bbox 820 2309 1439 2535">
     <span class='ocr_line' id='line_1_62' title="bbox 870 2309 1436 2351; baseline -0.002 -10"><span class='ocrx_word' id='word_1_305' title='bbox 870 2309 894 2329; x_wconf 80' lang='lat'>¹⁴</span> <span class='ocrx_word' id='word_1_306' title='bbox 921 2311 1041 2351; x_wconf 63' lang='lat' dir='ltr'>Obiit]</span> <span class='ocrx_word' id='word_1_307' title='bbox 1092 2310 1199 2349; x_wconf 83' lang='lat' dir='ltr'>Obiit,</span> <span class='ocrx_word' id='word_1_308' title='bbox 1230 2311 1329 2348; x_wconf 87' lang='lat' dir='ltr'>qnasi</span> <span class='ocrx_word' id='word_1_309' title='bbox 1359 2309 1436 2340; x_wconf 90' lang='lat' dir='ltr'>dolo</span> 
     </span>
     <span class='ocr_line' id='line_1_63' title="bbox 821 2357 1438 2394; baseline 0 -7"><span class='ocrx_word' id='word_1_310' title='bbox 821 2358 984 2388; x_wconf 85' lang='lat' dir='ltr'>voraciter</span> <span class='ocrx_word' id='word_1_311' title='bbox 999 2357 1130 2388; x_wconf 87' lang='lat' dir='ltr'>occisus</span> <span class='ocrx_word' id='word_1_312' title='bbox 1146 2357 1179 2387; x_wconf 92' lang='lat' dir='ltr'>in</span> <span class='ocrx_word' id='word_1_313' title='bbox 1197 2357 1384 2394; x_wconf 84' lang='lat' dir='ltr'>Britannia,</span> <span class='ocrx_word' id='word_1_314' title='bbox 1400 2359 1438 2387; x_wconf 84' lang='lat' dir='ltr'>ut</span> 
     </span>
     <span class='ocr_line' id='line_1_64' title="bbox 821 2402 1438 2442; baseline -0.003 -8"><span class='ocrx_word' id='word_1_315' title='bbox 821 2403 937 2442; x_wconf 86' lang='lat' dir='ltr'>aiunt;</span> <span class='ocrx_word' id='word_1_316' title='bbox 961 2405 1008 2434; x_wconf 87' lang='lat' dir='ltr'>ita</span> <span class='ocrx_word' id='word_1_317' title='bbox 1024 2407 1061 2434; x_wconf 93' lang='lat' dir='ltr'>ut</span> <span class='ocrx_word' id='word_1_318' title='bbox 1076 2403 1219 2442; x_wconf 86' lang='lat' dir='ltr'>legimus</span> <span class='ocrx_word' id='word_1_319' title='bbox 1247 2402 1337 2441; x_wconf 89' lang='lat' dir='ltr'>apud</span> <span class='ocrx_word' id='word_1_320' title='bbox 1365 2403 1438 2432; x_wconf 88' lang='lat' dir='ltr'>Bri-</span> 
     </span>
     <span class='ocr_line' id='line_1_65' title="bbox 820 2449 1439 2489; baseline -0.003 -10"><span class='ocrx_word' id='word_1_321' title='bbox 820 2452 913 2480; x_wconf 84' lang='lat' dir='ltr'>tones</span> <span class='ocrx_word' id='word_1_322' title='bbox 950 2452 1172 2489; x_wconf 80' lang='lat' dir='ltr'>regnaverunt</span> <span class='ocrx_word' id='word_1_323' title='bbox 1203 2449 1343 2479; x_wconf 83' lang='lat' dir='ltr'>Romani</span> <span class='ocrx_word' id='word_1_324' title='bbox 1380 2458 1439 2487; x_wconf 85' lang='lat' dir='ltr'>per</span> 
     </span>
     <span class='ocr_line' id='line_1_66' title="bbox 820 2494 1438 2535; baseline -0.003 -9"><span class='ocrx_word' id='word_1_325' title='bbox 820 2498 884 2526; x_wconf 72' lang='lat'>403</span> <span class='ocrx_word' id='word_1_326' title='bbox 900 2505 1014 2535; x_wconf 85' lang='lat' dir='ltr'>annos,</span> <span class='ocrx_word' id='word_1_327' title='bbox 1030 2506 1060 2525; x_wconf 81' lang='lat' dir='ltr'>a.</span> <span class='ocrx_word' id='word_1_328' title='bbox 1096 2495 1191 2525; x_wconf 91' lang='lat' dir='ltr'>Obiit</span> <span class='ocrx_word' id='word_1_329' title='bbox 1202 2494 1278 2525; x_wconf 92' lang='lat' dir='ltr'>dolo</span> <span class='ocrx_word' id='word_1_330' title='bbox 1294 2495 1438 2533; x_wconf 86' lang='lat' dir='ltr'>occisus,</span> 
     </span>
    </p>

    <p class='ocr_par' dir='ltr' id='par_1_29' title="bbox 820 2585 1438 2672">
     <span class='ocr_line' id='line_1_67' title="bbox 869 2585 1438 2627; baseline -0.004 -9"><span class='ocrx_word' id='word_1_331' title='bbox 869 2585 891 2605; x_wconf 81' lang='lat'>¹⁴</span> <span class='ocrx_word' id='word_1_332' title='bbox 905 2587 1126 2627; x_wconf 64' lang='lat' dir='ltr'>Brittannia]</span> <span class='ocrx_word' id='word_1_333' title='bbox 1148 2586 1333 2625; x_wconf 84' lang='lat' dir='ltr'>Britannia,</span> <span class='ocrx_word' id='word_1_334' title='bbox 1351 2586 1438 2616; x_wconf 82' lang='lat' dir='ltr'>Ebo-</span> 
     </span>
     <span class='ocr_line' id='line_1_68' title="bbox 820 2632 1436 2672; baseline -0.002 -8"><span class='ocrx_word' id='word_1_335' title='bbox 820 2634 901 2672; x_wconf 87' lang='lat' dir='ltr'>raci,</span> <span class='ocrx_word' id='word_1_336' title='bbox 919 2636 955 2664; x_wconf 90' lang='lat' dir='ltr'>ut</span> <span class='ocrx_word' id='word_1_337' title='bbox 970 2633 1097 2672; x_wconf 88' lang='lat' dir='ltr'>dicunt,</span> <span class='ocrx_word' id='word_1_338' title='bbox 1114 2633 1158 2664; x_wconf 90' lang='lat' dir='ltr'>D.</span> <span class='ocrx_word' id='word_1_339' title='bbox 1172 2634 1210 2663; x_wconf 88' lang='lat' dir='ltr'>E.</span> <span class='ocrx_word' id='word_1_340' title='bbox 1228 2634 1270 2663; x_wconf 88' lang='lat' dir='ltr'>G.</span> <span class='ocrx_word' id='word_1_341' title='bbox 1284 2633 1328 2663; x_wconf 88' lang='lat' dir='ltr'>K.</span> <span class='ocrx_word' id='word_1_342' title='bbox 1339 2632 1381 2663; x_wconf 90' lang='lat' dir='ltr'>P.</span> <span class='ocrx_word' id='word_1_343' title='bbox 1395 2633 1436 2663; x_wconf 81' lang='lat' dir='ltr'>R.</span> 
     </span>
    </p>

    <p class='ocr_par' dir='ltr' id='par_1_30' title="bbox 822 2676 1438 2812">
     <span class='ocr_line' id='line_1_69' title="bbox 869 2676 1438 2723; baseline -0.004 -13"><span class='ocrx_word' id='word_1_344' title='bbox 869 2677 893 2700; x_wconf 92' lang='lat'>17</span> <span class='ocrx_word' id='word_1_345' title='bbox 910 2676 1132 2723; x_wconf 63' lang='lat' dir='ltr'>Dejecerunt]</span> <span class='ocrx_word' id='word_1_346' title='bbox 1152 2679 1191 2709; x_wconf 90' lang='lat' dir='ltr'>In</span> <span class='ocrx_word' id='word_1_347' title='bbox 1209 2679 1251 2710; x_wconf 93' lang='lat' dir='ltr'>P.</span> <span class='ocrx_word' id='word_1_348' title='bbox 1263 2679 1328 2709; x_wconf 87' lang='lat' dir='ltr'>this</span> <span class='ocrx_word' id='word_1_349' title='bbox 1345 2679 1438 2709; x_wconf 90' lang='lat' dir='ltr'>word</span> 
     </span>
     <span class='ocr_line' id='line_1_70' title="bbox 822 2725 1438 2765; baseline -0.005 -8"><span class='ocrx_word' id='word_1_350' title='bbox 822 2727 850 2757; x_wconf 89' lang='lat' dir='ltr'>is</span> <span class='ocrx_word' id='word_1_351' title='bbox 866 2726 1068 2765; x_wconf 86' lang='lat' dir='ltr'>expuncted,</span> <span class='ocrx_word' id='word_1_352' title='bbox 1081 2726 1146 2756; x_wconf 88' lang='lat' dir='ltr'>and</span> <span class='ocrx_word' id='word_1_353' title='bbox 1163 2726 1171 2742; x_wconf 87' lang='lat'>‘</span> <span class='ocrx_word' id='word_1_354' title='bbox 1184 2725 1438 2756; x_wconf 84' lang='lat' dir='ltr'>contemserunt’</span> 
     </span>
     <span class='ocr_line' id='line_1_71' title="bbox 822 2771 1421 2812; baseline -0.003 -9"><span class='ocrx_word' id='word_1_355' title='bbox 822 2773 850 2804; x_wconf 86' lang='lat' dir='ltr'>is</span> <span class='ocrx_word' id='word_1_356' title='bbox 868 2773 1069 2804; x_wconf 83' lang='lat' dir='ltr'>substituted</span> <span class='ocrx_word' id='word_1_357' title='bbox 1087 2773 1128 2812; x_wconf 87' lang='lat' dir='ltr'>by</span> <span class='ocrx_word' id='word_1_358' title='bbox 1146 2772 1200 2803; x_wconf 89' lang='lat' dir='ltr'>the</span> <span class='ocrx_word' id='word_1_359' title='bbox 1217 2773 1287 2803; x_wconf 85' lang='lat' dir='ltr'>first</span> <span class='ocrx_word' id='word_1_360' title='bbox 1302 2771 1421 2802; x_wconf 77' lang='lat' dir='ltr'>scribe.</span> 
     </span>
    </p>
   </div>
   <div class='ocr_carea' id='block_1_25' title="bbox 1457 1336 1540 1361">
    <p class='ocr_par' dir='ltr' id='par_1_31' title="bbox 1457 1336 1540 1361">
     <span class='ocr_line' id='line_1_72' title="bbox 1457 1336 1540 1361; baseline 0 0"><span class='ocrx_word' id='word_1_361' title='bbox 1457 1336 1540 1361; x_wconf 90' lang='lat' dir='ltr'>rebel.</span> 
     </span>
    </p>
   </div>
  </div>
 </body>
</html>
