2096 3246
479 328 536 368 (38
979 333 1237 364 AerNJnx,

552 441 662 482 XL.
698 438 937 490 Quomodo
969 450 1070 478 cum
1102 437 1249 488 inagis
1272 437 1365 476 suis
1389 436 1537 476 locum
1571 433 1748 475 castelli

485 519 695 561 quaerens
730 505 991 552 Snaudune,
1024 502 1091 557 (id
1129 507 1213 551 est,
1245 502 1382 542 Mons
1410 499 1586 554 Nivis,)
1620 514 1747 553 repe-

490 574 615 622 rerit,
648 572 725 613 sed
764 571 910 611 omnis
946 570 1137 610 collecta
1169 568 1381 609 materies
1416 567 1566 615 tertio,
1599 567 1750 606 subito

491 645 612 681 terra
633 638 909 686 dehiscente,
927 637 1142 687 absorpta
1161 635 1235 674 sit.

560 704 699 745 XLI.
738 702 978 753 Quomodo
1012 714 1092 741 rex
1116 700 1422 752 Vortigernus
1454 711 1613 751 magos
1645 710 1752 738 suos
1793 711 1811 738 5

493 771 736 819 consuluit,
770 770 847 822 qui
881 769 919 808 ei
954 767 1302 820 responderunt,
1331 765 1550 814 dicentes,
1584 778 1631 806 se
1664 777 1751 804 non

493 850 627 890 posse
646 849 793 876 arcem
816 834 1057 882 aedificare,
1078 833 1123 872 ni
1156 833 1280 885 prius
1312 836 1632 884 aspergeretur
1650 843 1755 870 san-

495 903 633 956 guine
654 901 847 955 alicujus
869 900 1012 953 pueri,
1034 900 1112 952 qui
1133 900 1229 938 sine
1251 903 1380 951 patre
1402 899 1731 950 conciperetur.

564 967 732 1007 XLII.
781 967 851 1006 De
890 979 1031 1018 puero
1064 966 1161 1004 sine
1202 969 1329 1017 patre
1344 998 1356 1021 ,x
1367 965 1560 1016 quaesito
1605 968 1651 1003 et
1687 963 1757 1002 in-

496 1037 663 1083 vento3
711 1031 819 1084 quid
858 1031 912 1070 de
953 1035 1119 1082 stagno
1156 1031 1240 1069 sub
1276 1029 1399 1069 terra
1432 1031 1598 1082 posito,
1634 1041 1758 1077 vase,
1777 1037 1819 1065 10

497 1098 693 1141 tentorio
725 1103 770 1138 et
791 1096 1080 1145 draconibus,
1112 1101 1157 1136 et
1178 1108 1331 1135 eorum
1363 1095 1530 1144 duello,
1561 1094 1760 1147 praedix-

498 1167 599 1214 erit,
620 1169 665 1205 et
687 1163 884 1216 qualiter
905 1162 1002 1202 haec
1024 1162 1177 1202 omnia
1197 1162 1476 1214 exposuerit.

568 1230 766 1272 XLIII.
812 1229 1023 1279 Qualiter
1062 1241 1143 1268 rex
1180 1227 1486 1279 Vortigernus
1520 1224 1764 1267 Ambrosio

500 1310 648 1338 arcem
670 1296 810 1345 dedit,
833 1307 970 1348 quam
991 1294 1215 1334 aedificare
1237 1307 1327 1333 non
1348 1294 1512 1346 potuit.

570 1362 757 1403 XLIV.
806 1362 877 1401 De
914 1360 1147 1401 Vortemir
1185 1359 1276 1399 filio
1319 1359 1587 1411 Vol-tigerni
1626 1358 1763 1411 regiS,
1782 1370 1821 1398 15

501 1429 698 1482 qualiter
731 1428 938 1468 Saxones
973 1440 1073 1466 011111
1110 1426 1389 1478 principibus
1420 1439 1591 1474 eorum,
1624 1424 1764 1465 inter-

502 1496 621 1535 fecto
646 1493 787 1542 Hors,
810 1492 1002 1533 viriliter
1028 1492 1217 1545 pepulit,
1239 1496 1284 1531 et
1305 1505 1385 1544 per
1405 1491 1766 1544 quinquennium

503 1561 671 1613 abegit.

523 1659 526 1660 7
572 1625 730 1667 XLV.
756 1625 829 1666 De
852 1625 996 1665 tribus
1013 1624 1143 1665 bellis
1166 1623 1507 1677 principalibus,
1525 1635 1627 1677 quae
1645 1622 1766 1663 Vor-

504 1693 637 1734 temir
658 1697 819 1732 contra
851 1691 1058 1731 Saxones
1092 1690 1233 1743 gessit
1252 1704 1261 1742 3
1296 1695 1342 1731 et
1364 1689 1471 1742 quid
1493 1690 1691 1730 moriens
1713 1688 1768 1729 de
1786 1700 1828 1730 20

505 1772 553 1799 se
573 1758 834 1811 sepeliendo
855 1756 1138 1810 praeceperit.

576 1823 768 1865 XLVI.
804 1823 1030 1873 Qualiter,
1064 1826 1167 1875 post
1185 1822 1358 1862 obitum
1381 1821 1629 1868 Vortemir,
1649 1814 1769 1861 Vor-ยน

506 1891 712 1943 tigernus
743 1889 907 1930 116111111
942 1889 1149 1928 Saxones
1181 1888 1366 1940 recepit,
1395 1892 1440 1927 et
1471 1887 1526 1927 de
1557 1887 1773 1927 simulata

508 1957 634 2011 pacis
655 1955 898 1996 concordia
915 1968 995 2007 per
1017 1954 1224 1994 Saxones
1246 1966 1355 2005 erga
1377 1954 1605 1994 Britones.

579 2021 796 2063 XLVII.
842 2020 1082 2071 Quomodo
1121 2020 1218 2073 ipse
1251 2019 1557 2071 Vortigernus
1597 2019 1701 2059 dolo
1747 2031 1775 2059 a
1792 2029 1832 2058 25

511 2088 770 2130 Saxonibus
802 2091 964 2140 captus
997 2085 1148 2135 fuerit,
1172 2091 1217 2126 et
1238 2086 1532 2137 suggestione
1555 2084 1776 2138 Hengisti

512 2154 842 2206 Vol-tigernum
883 2153 1101 2193 redimere
1142 2165 1189 2192 se
1229 2151 1375 2191 solum
1418 2156 1680 2204 coegerunt,
1731 2155 1776 2191 et

513 2234 627 2273 quas
650 2225 794 2260 terras
818 2232 900 2273 pro
922 2218 1199 2259 redemtione
1222 2230 1306 2257 sua
1328 2218 1603 2270 acceperint,
1625 2222 1671 2258 et
1686 2229 1778 2270 qua

513 2286 821 2326 fraudulentia
843 2286 1050 2325 Saxones
1072 2284 1267 2325 cultellis
1285 2283 1499 2324 Britones
1525 2288 1777 2324 trescentos

514 2354 636 2393 viros
660 2352 855 2404 optimos
879 2350 1141 2391 occiderint.
1798 2352 1839 2380 3โฐ

586 2416 833 2458 XLVIII.
868 2416 939 2456 De
981 2415 1179 2456 Secundo
1222 2414 1423 2456 adventu
1465 2414 1622 2456 Sancti
1662 2413 1779 2455 Ger-

516 2484 638 2525 mani
659 2483 704 2523 111
729 2482 1034 2530 Britanniam,
1056 2486 1102 2521 et
1123 2481 1319 2533 qualiter
1346 2481 1600 2533 fugientem
1621 2480 1781 2521 Vorti-

518 2563 725 2602 gernum,
758 2553 808 2588 ut
830 2548 870 2588 ei
894 2548 1027 2588 fidem
1058 2548 1344 2599 praedicaret,
1367 2547 1564 2587 Sanctus
1589 2546 1781 2587 Germa-

519 2628 604 2655 nus
626 2615 819 2655 sollicite
839 2615 1109 2654 subsecutus
1130 2613 1204 2663 sit,
1226 2618 1271 2653 et
1292 2618 1441 2662 nocte,
1464 2613 1569 2665 igne
1590 2613 1644 2653 de
1665 2613 1783 2653 00610

519 2681 724 2730 cadente,
744 2694 826 2720 rex
848 2680 894 2719 in
918 2693 1021 2720 arce
1038 2692 1139 2719 cum
1163 2680 1256 2719 suis
1279 2684 1470 2720 exustus
1493 2679 1593 2719 fuit.
1802 2683 1842 2711 35

589 2746 785 2786 XLIX.
821 2745 956 2795 Quod
992 2745 1201 2798 quaedam
1234 2745 1424 2785 assertio
1456 2745 1531 2794 sit,
1557 2745 1676 2798 quod
1709 2757 1787 2785 001

521 2812 619 2865 ejus
640 2826 697 2852 ex
719 2812 873 2852 dolore
894 2810 1133 2864 crepuerit.
