1997 3220
771 294 1030 322 Ai‘vssme.
1467 284 1524 323 (59

328 398 378 438 L.
415 398 546 445 Item,
588 397 778 437 aliorum
821 397 975 449 opinio
1017 396 1198 443 astruit,
1239 397 1358 449 quod
1401 405 1522 439 terra

258 477 359 504 enm
382 464 689 514 deglutiverit,
710 476 811 504 cum
846 463 955 503 nihil
986 462 1041 502 de
1073 475 1141 511 ου,
1163 462 1234 501 vel
1267 463 1376 512 suis,
1411 465 1520 505 resi-

257 530 395 570 duum
418 530 610 570 inveniri
633 530 677 569 in
702 536 823 569 terra
844 529 1055 581 potuerit.

332 596 408 636 LI.
443 596 576 646 Quod
600 601 797 648 quatuor
819 596 933 635 tilios
960 595 1261 646 Vortigernus
1283 593 1518 646 habuerit;

219 673 237 699 5
258 667 301 702 et
323 661 378 701 de
401 663 570 702 Sancto
594 662 781 710 Fausto,
802 675 934 713 quem
957 661 1012 701 de
1035 660 1127 701 filia
1148 673 1232 700 sua
1252 661 1475 711 genuerit.

327 727 437 768 LII.
487 728 556 767 Dc
589 727 856 779 Vortigcrni
901 727 1133 780 progenie,
1170 732 1215 766 et
1253 727 1520 779 retrograda

257 806 547 846 proavorum,
594 794 880 842 tritavorum,
933 798 977 834 ct
1027 798 1265 833 atavorum
1318 792 1517 846 ejusdem

257 860 387 900 serie.

328 925 467 966 LIII.
492 926 561 966 De
582 926 728 966 reditu
747 926 902 966 Sancti
926 925 1161 973 Germani,
1185 930 1228 965 ct
1251 925 1519 977 captivitate

199 1001 239 1030 ιο
259 991 415 1032 Sancti
436 991 623 1032 Patricii
643 1006 653 1042 ;
678 997 723 1032 et
744 991 969 1044 quomodo
992 991 1187 1031 Romam
1211 991 1312 1031 ierit
1329 997 1373 1031 et
1388 991 1520 1043 plura

257 1057 489 1108 didice1·it;
523 1065 567 1099 et
590 1057 825 1098 Palladius
848 1058 1017 1098 Scottis
1041 1057 1372 1110 praedicaturus
1399 1056 1520 1110 apud

261 1123 416 1164 Pictos
437 1125 613 1165 obierit.

328 1189 458 1230 LIV.
493 1190 643 1240 Quod,
664 1191 828 1243 angelo
849 1194 1077 1238 monente,
1109 1189 1166 1228 ad
1199 1188 1381 1229 Scottos
1413 1201 1520 1230 con-

261 1256 507 1296 vertendos
530 1256 726 1298 Sanctus
751 1255 980 1296 Patricius
1000 1255 1164 1294 missus
1189 1254 1262 1294 sit.

201 1332 240 1360 15
330 1321 432 1362 LV.
467 1321 557 1362 Ubi
589 1328 633 1363 et
665 1336 692 1363 a
723 1322 886 1375 quibus
916 1320 1111 1360 Sanctus
1151 1319 1379 1360 Patricius
1403 1319 1522 1372 epis-

260 1399 400 1440 copus
421 1388 656 1429 ordinatus
685 1389 761 1438 sit,
784 1388 936 1440 ibique
957 1400 1121 1427 nomen
1145 1399 1276 1426 suum
1309 1387 1522 1426 immuta-

259 1453 391 1494 verit.

329 1519 459 1560 LVI.
494 1519 630 1570 Quod
661 1520 786 1573 prius
812 1519 1078 1560 Britonibus
1110 1518 1444 1572 praedicaverit,
1477 1523 1523 1558 et

261 1585 422 1625 deinde
441 1586 488 1625 iu
511 1585 783 1626 Hiberniam
805 1585 1084 1638 migraverit.

201 1668 243 1697 20
329 1651 489 1692 LVII.
524 1651 629 1702 Quo
661 1665 781 1692 anno
807 1651 1146 1692 Incarnationis
1168 1649 1424 1690 Dominicae
1453 1650 1522 1690 in-

261 1717 403 1770 coepit
430 1718 491 1757 ibi
521 1718 786 1770 praedicare,
808 1717 881 1758 vel
912 1716 1043 1771 cujus
1075 1716 1196 1768 regis
1228 1721 1447 1768 tempore,
1479 1720 1525 1755 et

262 1788 375 1836 quot
415 1796 560 1824 annos
610 1783 944 1837 praedicaverit,
981 1782 1055 1825 vel
1094 1786 1269 1836 quanta
1306 1781 1526 1822 miracula

262 1850 608 1903 perpetraverit.

331 1915 520 1957 LVIII.
544 1915 660 1966 Quae
681 1916 929 1969 scripserit,
944 1921 1056 1967 quot
1068 1915 1304 1967 episcopos
1321 1912 1525 1953 ecclesiae

203 1993 243 2021 25
264 1981 336 2022 vel
352 1983 643 2036 presbyteros
671 1982 1034 2032 consecraverit;
1068 1986 1180 2033 quot
1202 1992 1331 2032 reges
1365 1985 1411 2020 et
1443 1979 1525 2019 ho-

263 2048 435 2088 minum
466 2048 609 2088 millia
641 2048 958 2101 baptizaverit,
992 2052 1038 2088 et
1070 2047 1147 2087 ubi
1180 2060 1261 2099 per
1293 2045 1389 2086 dies
1411 2058 1526 2098 qua-

264 2113 478 2166 draginta
492 2114 774 2169 jejunaverit
795 2119 840 2155 et
861 2114 1074 2155 oraverit.

333 2179 471 2221 LIX.
520 2180 656 2230 Quod
692 2185 784 2220 tres
819 2180 1061 2233 petitiones
1096 2179 1142 2218 in
1179 2190 1342 2218 acervo
1376 2176 1464 2229 Ely
1500 2190 1529 2216 a

264 2246 464 2288 Domino
485 2246 813 2300 impetraverit,
834 2251 880 2287 et
910 2247 957 2286 in
988 2245 1137 2298 specie
1168 2244 1320 2284 avium
1352 2243 1528 2283 animas

204 2327 244 2356 30
265 2312 623 2353 Hibernensium
645 2313 844 2353 fidelium
865 2312 922 2352 ad
945 2325 993 2352 se
1012 2310 1280 2351 convenisse
1300 2309 1480 2350 viderit.

335 2377 448 2419 LX.
483 2378 618 2429 Quod
644 2384 858 2431 quatuor,
889 2383 933 2419 et
959 2378 1123 2432 quibus
1146 2375 1308 2425 modis,
1330 2375 1527 2416 Sanctus

266 2444 495 2485 Patricius
519 2445 675 2498 Moysi
713 2445 966 2497 legislatori
993 2448 1282 2496 comparetur
1310 2447 1356 2482 et
1387 2440 1528 2494 aequi-

265 2515 466 2564 paretur.

333 2576 474 2617 LXI.
509 2576 580 2617 De
614 2581 759 2617 morte
792 2575 1027 2628 Hengisti,
1063 2579 1109 2614 et
1142 2572 1263 2626 quod
1294 2578 1399 2625 post
1431 2573 1529 2626 ejus

205 2657 245 2686 35
266 2642 440 2683 obitum
463 2642 583 2683 Octa
614 2642 733 2683 filius
764 2642 863 2696 ejus
897 2642 1044 2683 tenuit
1075 2652 1265 2693 reguum
1288 2637 1531 2680 Cantuari-

269 2709 460 2750 ensium.

336 2774 506 2816 LXII.
541 2775 612 2816 De
639 2773 811 2816 Arturo
844 2786 950 2827 rege
985 2772 1222 2826 belligero,
1256 2776 1302 2812 et
1333 2770 1388 2811 de
1419 2769 1531 2810 duo-
