1997 3220
613 323 640 351 A
650 322 803 351 [C'l‘OR
813 322 835 350 11.

871 322 1064 351 NENNw.
1418 314 1468 354 ll

205 427 263 468 Et
287 433 446 480 postca
467 433 687 467 venerunt
713 433 804 467 tres
827 426 903 466 lilii
923 426 1159 480 cujilsdam
1184 427 1338 467 militis
1359 428 1468 468 llis-

204 494 351 547 pania·
367 507 468 533 cum
483 494 673 546 triginta
689 493 818 533 ciulis
835 493 955 546 apud
973 493 1090 541 illos,
1105 499 1265 533 etcum
1281 494 1470 542 triginta

203 560 476 613 conjugibus
509 560 554 600 in
586 572 860 612 unaquaque
888 559 1023 608 ciula,
1046 565 1091 599 ct
1123 566 1388 600 manserunt
1411 561 1470 600 ibi

204 639 285 679 per
311 627 516 679 spacium
545 626 678 666 unius
706 626 829 666 anni.

901 625 962 666 Et
990 631 1150 679 postea
1183 626 1471 678 conspiciunt

166 702 186 730 ⁵
206 693 365 733 turrim
388 693 578 733 vitream
608 692 653 732 in
677 692 825 732 medio
846 692 974 741 mari,
997 698 1041 732 et
1066 691 1269 732 homines
1289 693 1469 745 conspi-

204 759 385 799 ciebant
407 772 544 811 supcr
566 759 741 807 turrim,
764 763 809 798 et
830 759 1098 811 quaerebant
1118 758 1243 811 loqui
1274 758 1330 799 ad
1352 759 1470 808 illos,

204 830 251 866 ot
279 837 512 877 nunquam
533 824 897 877 respondebant;
931 830 976 866 et
1013 825 1101 878 ipsi
1140 838 1231 866 uno
1263 838 1384 866 anno
1413 825 1471 865 ad

204 892 596 944 oppugnationem
614 891 752 932 turris
773 897 1134 944 properaverunt
1147 904 1248 932 cum
1262 892 1471 933 omnibus

205 957 336 998 ciulis
369 958 479 1007 suis,
511 963 556 998 et
588 970 690 998 cum
724 958 933 998 omnibus
966 957 1245 1007 mulieribus,
1277 963 1473 1011 excepta

149 1037 189 1065 ιο
206 1036 299 1064 una
329 1024 464 1074 ciula,
498 1037 600 1077 quae
634 1023 870 1064 confracta
904 1030 973 1065 est
1010 1024 1265 1076 naufragio,
1298 1024 1345 1064 in
1380 1037 1473 1077 qua

206 1096 337 1131 erant
363 1091 448 1131 viri
480 1091 671 1143 triginta
690 1090 969 1143 totidemque
991 1090 1216 1131 mulieres.

1288 1090 1349 1131 Et
1368 1090 1471 1130 aliae

207 1168 347 1197 naves
368 1157 701 1209 navigaverunt
733 1156 789 1196 ad
821 1156 1178 1210 expugnandam
1206 1156 1392 1207 turrim;
1426 1162 1472 1197 et

204 1222 313 1263 dum
331 1235 487 1263 omnes
503 1222 830 1263 descenderent
850 1223 896 1263 in
919 1223 1085 1272 littore,
1099 1222 1220 1275 quod
1237 1228 1336 1264 erat
1353 1222 1475 1262 circa

205 1289 382 1338 turrim,
405 1288 584 1341 operuit
611 1288 714 1329 illos
745 1301 869 1329 mare
889 1294 933 1330 et
954 1288 1148 1329 demersi
1170 1294 1292 1338 sunt,
1316 1294 1362 1330 et
1381 1302 1473 1329 non

148 1371 187 1400 15
206 1355 353 1396 evasit
373 1368 491 1395 unus
513 1368 571 1395 ex
589 1354 679 1394 illis
696 1368 706 1405 3
729 1360 775 1395 et
797 1355 852 1395 de
873 1354 1046 1396 familia
1066 1355 1187 1395 illius
1205 1355 1352 1404 ciulae,
1369 1368 1472 1408 quae

206 1421 366 1462 relicta
396 1427 466 1462 est
496 1426 683 1474 propter
713 1420 997 1471 fractionem,
1020 1427 1120 1462 tota
1144 1421 1369 1462 Hibernia
1390 1422 1472 1462 im-

206 1487 331 1541 pleta
363 1494 433 1528 est
464 1500 608 1540 usque
639 1488 687 1527 in
718 1487 985 1529 hodiernum
1017 1488 1150 1528 diem.

1223 1488 1282 1528 Et
1314 1493 1475 1540 postea

208 1560 431 1595 venerunt
461 1553 683 1607 paulatim
705 1566 732 1593 a
753 1555 959 1606 partibus
983 1553 1225 1607 Hispaniae
1248 1559 1294 1595 et
1315 1559 1472 1595 tenue-

208 1626 316 1661 runt
338 1620 548 1673 regiones
567 1619 802 1672 plurimas.

277 1687 299 1740 ξ
322 1686 393 1727 14.
428 1685 690 1726 Novissime
713 1686 840 1726 venit

863 1684 1161 1734 Damhoctor‚
1183 1690 1229 1726 et
1258 1684 1321 1725 ibi
1345 1684 1474 1725 habi-

208 1753 325 1794 tavit
343 1765 447 1793 cum
475 1753 599 1793 omni
632 1765 798 1805 genere
831 1764 914 1791 suo
947 1764 1092 1805 usque
1124 1751 1257 1792 hodie
1280 1751 1326 1792 in
1351 1751 1475 1792 Brit-

256 1919 266 1939 ¹
293 1916 498 1963 Cujusdam]
542 1919 615 1950 Om.
640 1919 684 1950 A.
713 1919 756 1950 B.
786 1919 823 1949 C.

208 1967 290 1998 This
319 1976 391 1997 was
422 1966 477 1996 the
506 1965 664 1996 Milesian
696 1965 825 2004 colony,

209 2013 265 2043 the
296 2022 373 2044 sons
403 2012 440 2043 of
466 2011 600 2051 Golam,
631 2022 651 2042 a
682 2011 824 2051 Spanish

211 2059 342 2098 knight,
378 2058 513 2098 Ogygia
544 2058 591 2089 iii.
625 2060 678 2096 16,
715 2057 844 2087 where=

209 2105 296 2136 their
311 2105 430 2136 arrival
450 2105 479 2135 is
502 2104 654 2135 ascribed
677 2108 710 2135 to
728 2103 825 2134 AM.

210 2154 307 2182 2934.
378 2151 566 2190 O'Connor,
601 2151 623 2182 i.
656 2160 734 2181 xxv.
766 2150 845 2180 has·

209 2198 326 2229 shown
347 2197 419 2228 that
440 2197 495 2228 the
516 2197 673 2227 tradition
693 2197 722 2227 is
737 2201 828 2227 ante-

209 2245 276 2275 rior
290 2247 323 2275 to
338 2244 393 2274 the
409 2244 487 2274 time
503 2243 540 2274 of
553 2243 584 2274 N
589 2243 718 2274 ennius.

257 2289 270 2309 ²
295 2287 431 2333 Ciulis.]
479 2290 519 2321 In
549 2290 604 2320 the
636 2289 763 2329 margin
795 2288 833 2319 of

211 2337 254 2368 P.
279 2337 347 2368 this
372 2338 401 2368 is
424 2336 604 2376 explained
629 2336 672 2375 by
691 2336 828 2367 ‘Naves

211 2384 344 2423 lougaess

258 2429 271 2448 ⁵
296 2429 427 2460 Turrim
456 2426 618 2466 vitream]
665 2428 829 2460 Concern-

212 2476 270 2516 ing
296 2476 351 2506 the
382 2479 487 2506 tower
516 2475 554 2505 of
580 2475 672 2514 glass
695 2474 761 2505 and
786 2475 829 2504 its

211 2522 365 2561 frequent
386 2530 584 2552 occurrence
608 2521 641 2551 in
666 2520 720 2550 the
737 2520 829 2559 early

213 2568 328 2600 Welsh
366 2567 517 2607 legends,
554 2576 609 2597 see
660 2566 829 2597 Roberts’s

213 2616 347 2647 Cambr.
370 2615 486 2653 Antiq.
519 2623 576 2652 pp.
603 2616 656 2649 75,
682 2615 736 2651 78,
763 2613 827 2643 and

213 2661 371 2693 Davies's
382 2660 581 2700 Mythology
592 2660 629 2690 os
637 2660 691 2690 the
705 2659 828 2689 ssritish

214 2708 355 2747 Druids,
367 2718 400 2747 p.
413 2709 488 2738 212.
537 2706 714 2737 O’Connor
729 2709 830 2736 states

213 2755 285 2786 that
311 2754 377 2785 this
401 2758 505 2785 tower
529 2763 601 2795 was
631 2753 716 2783 built
740 2753 782 2791 by
811 2762 831 2783 a

214 2801 338 2832 certain
370 2800 484 2831 Conan
516 2809 603 2839 upon
636 2800 690 2829 the
722 2798 829 2829 island

214 2847 322 2878 called
346 2847 510 2887 Tor-Inis,
533 2856 568 2876 or
592 2846 677 2885 Τοῖς
704 2845 831 2885 Island,

860 1916 926 1947 and
942 1916 1043 1948 refers
1060 1920 1093 1946 to
1109 1926 1127 1946 a
1144 1925 1240 1955 poem
1251 1915 1383 1946 written
1399 1916 1478 1955 long

861 1963 971 1994 before
987 1963 1080 1994 AJ).
1098 1965 1174 2001 908,
1194 1962 1228 1992 in
1248 1961 1346 2000 proof
1365 1962 1403 1992 of
1421 1962 1476 1993 the

861 2009 1026 2049 antiquity
1043 2009 1079 2040 of
1091 2009 1145 2039 the
1158 2007 1327 2047 tradition,
1340 2008 1475 2048 Prolog.

861 2057 890 2087 Ι.
908 2057 1034 2094 xxxvi3
1058 2065 1112 2086 see
1129 2055 1200 2086 also
1217 2054 1329 2093 Ogyg.
1347 2064 1379 2094 p.
1398 2058 1452 2086 83.

909 2101 921 2123 7
942 2102 1012 2133 Uno
1027 2101 1135 2140 annm]
1156 2101 1323 2132 Unanimo
1341 2110 1477 2131 consen-

862 2159 901 2180 su
918 2148 974 2187 ad,
992 2149 1036 2180 D.
1056 2149 1100 2179 Κ.
1125 2148 1187 2186 L.;
1210 2157 1276 2178 uno
1293 2148 1415 2186 animo,
1434 2148 1476 2182 Q.

907 2194 921 2213 ⁸
943 2189 1230 2238 Properarerunt.]
1262 2194 1480 2233 Praeparave-

862 2245 950 2280 runt,
969 2242 1012 2273 B.
1034 2242 1072 2272 C.
1091 2241 1133 2281 P,
1150 2251 1182 2272 a.

911 2287 935 2307 ¹⁹
946 2283 1142 2331 Plurimus.j
1164 2286 1334 2318 Plurimas
1344 2287 1377 2316 in
1391 2286 1478 2317 Brit-

862 2336 1006 2374 taniam.

909 2380 937 2400 2⁰
952 2375 1175 2423 Damhoctor]
1194 2379 1415 2418 Clamhoctor,
1432 2379 1477 2410 D.

866 2428 935 2467 H.;
959 2428 1157 2465 Clamoctor,
1181 2426 1244 2464 P.;
1270 2426 1363 2455 (llum
1390 2426 1479 2456 Hec-

863 2478 925 2513 tor,
949 2474 979 2505 Ι.
1029 2473 1207 2511 Enderbie,
1231 2472 1387 2502 Cambria
1407 2472 1479 2502 Tri-

865 2520 1040 2559 umphans,
1082 2519 1162 2549 edit.
1203 2520 1298 2556 1661,
1336 2527 1369 2556 p.
1402 2520 1478 2557 213,

866 2567 960 2597 Elam
972 2566 1099 2596 Hoctor
1109 2575 1117 2602 ;
1126 2564 1208 2595 Clau
1219 2564 1477 2603 Hoct0r‚Cam‹l.

864 2613 927 2644 col.
944 2614 1026 2649 9683
1051 2612 1190 2650 Hector,
1215 2610 1285 2641 Lel.
1303 2610 1441 2642 Collect.

910 2656 934 2677 ²¹
963 2657 1113 2698 Genera]
1138 2656 1383 2696 Ge11te,MSS.

912 2703 936 2724 ²¹
964 2700 1100 2748 Hadia]
1126 2703 1226 2736 Quod
1254 2705 1408 2742 superest
1422 2712 1478 2733 us-

865 2762 930 2792 que
947 2751 1100 2790 hodie,a.
1140 2750 1264 2781 Hodie.
1316 2750 1480 2780 Nullata-

867 2809 939 2830 men
955 2802 1046 2829 certa
1062 2797 1198 2828 historia
1215 2796 1353 2835 originis
1369 2797 1480 2827 Scoto-

867 2856 938 2876 rum
970 2844 1132 2884 reperitur
1171 2843 1384 2884 [continetur,
1419 2842 1479 2881 (1'.]
