1997 3220
586 214 807 243 AUtt'roRE
843 215 1035 243 NENNJo.

1393 208 1441 246 19

247 315 358 368 §2:3.
392 315 574 356 Tertius
606 315 687 356 suit
711 317 921 366 Severus,
942 319 1019 369 qui
1042 320 1355 360 transfretavit
1383 322 1438 361 ad

181 380 476 431 Brittannos;
510 383 600 430 ubi,
623 389 671 422 ut
699 390 903 435 receptas
926 384 1184 436 provincias
1207 386 1264 424 ab
1290 386 1437 425 incur-

177 446 304 486 sione
326 447 562 488 barbarica
594 448 759 489 faceret
792 449 998 498 tutiores,
1019 463 1194 489 murum
1228 455 1270 489 et
1299 464 1437 501 agg-e-

178 524 270 552 rem
295 524 322 552 a
343 514 456 553 mari
488 527 630 566 usque
662 514 718 554 ad
751 528 874 556 mare
906 529 986 568 per
1006 515 1292 556 latitudinem
1316 516 1436 556 Brit-

139 578 364 627 5tanniae,
403 579 446 619 id
487 586 571 627 est,
614 593 694 632 per
730 587 911 620 centum
956 581 1144 633 triginta
1175 582 1265 621 duo
1298 581 1437 621 millia

176 656 408 696 passuum,
421 645 610 686 deduxit
630 660 639 695 ;
664 651 707 686 et
723 653 912 687 vocatur
926 647 1214 687 Brittannico
1232 660 1439 687 somnone

177 708 346 749 Guaul.

420 710 671 763 Propterea
689 711 829 764 jussit
862 713 956 752 fieri
987 713 1106 752 inter
1128 713 1362 752 Brittones
1392 720 1437 753 et

178 774 334 815 Pictos
362 782 405 816 et
442 776 654 826 Scottos;
688 778 796 829 quia
827 777 973 818 Scotti
1013 779 1070 818 ab
1111 779 1359 827 occidente,
1393 785 1438 819 et.

177 840 297 882 Picti
327 842 385 881 ab
425 842 637 895 aquilone
669 844 945 884 unanimiter
975 845 1243 896 pugnabant
1279 850 1438 884 contra

118 919 157 947 10
177 906 427 956 Brittones,
450 922 555 948 nam
586 915 631 949 et
662 909 749 961 ipsi
781 922 938 961 pacem
960 910 1080 950 inter
1103 923 1151 950 se
1181 910 1406 950 habebant
1426 924 1436 959 ;

175 978 221 1013 et
261 986 351 1014 non
400 975 543 1015 multo
589 982 691 1028 post
732 975 853 1015 intra
895 976 1202 1016 Brittanniam
1243 976 1437 1016 Severus

175 1039 379 1080 moritur.

244 1105 266 1158 ᾗ
285 1105 356 1146 24.
391 1104 596 1155 Quartus
619 1106 703 1146 fuit
725 1105 934 1146 Karitius
954 1107 1202 1158 imperator
1214 1111 1260 1146 et
1279 1111 1436 1159 tyran-

176 1183 276 1219 nUS,
308 1172 386 1223 qui
416 1176 461 1210 et
492 1171 658 1222 ipsein
682 1171 990 1212 Brittanniam
1024 1172 1148 1211 venit
1180 1171 1437 1224 tyrannide,

116 1247 155 1275 15
174 1236 283 1289 quia
298 1241 538 1289 propterea
556 1242 778 1289 tyrannus
798 1236 884 1277 suit
903 1250 985 1289 pro
1006 1237 1233 1277 occisione
1255 1237 1411 1277 Severi
1427 1250 1436 1286 ;

174 1307 220 1342 et
248 1314 351 1342 cum
382 1302 591 1342 omnibus
624 1302 814 1343 ducibus
837 1302 1137 1343 Romannicae
1172 1303 1337 1355 gentis,
1361 1303 1439 1355 qui

172 1373 305 1409 erant
319 1381 422 1408 cum
443 1381 497 1408 eo
518 1368 564 1408 in
579 1368 857 1418 Brittannia,
874 1369 1264 1409 transverberavit
1283 1381 1439 1409 omnes

172 1434 354 1486 regulos
389 1434 751 1484 Brittannorum,
775 1440 820 1475 et
851 1434 1100 1475 vindicavit
1134 1434 1267 1474 valde
1301 1434 1438 1474 Seve-

173 1512 273 1540 rum
294 1500 351 1540 ab
372 1500 478 1548 illis,
500 1506 545 1540 et
566 1514 813 1554 purpuram
836 1501 1110 1541 Brittanniae
1133 1501 1389 1553 occupavit.

242 1565 355 1620 525.
390 1565 591 1616 Quintus
621 1566 936 1615 ConstantiuS,
961 1566 1255 1607 Constantini
1285 1565 1440 1618 magni

173 1741 207 1771 111
236 1739 291 1770 the
322 1741 462 1779 margin,
489 1741 682 1779 ‘Mentitur,
709 1741 807 1779 quia*

173 1786 300 1826 primus
322 1796 428 1816 annus
452 1787 598 1816 Evaristi
616 1787 680 1817 fuit
696 1787 787 1818 A.D.

174 1835 229 1872 79,
244 1833 371 1871 primus
382 1842 457 1863 vero
473 1842 580 1863 annus
593 1832 790 1871 Eleutherii,

174 1888 273 1918 quem
288 1879 403 1910 debuit
415 1879 613 1918 nominasse,
622 1879 687 1909 fuit
697 1879 788 1910 A.D.
806 1893 807 1899 ¹

177 1925 264 1956 161.’

222 1968 236 1991 ⁷
261 1970 398 2010 Guaul]
430 1970 555 2008 Gaaul,
572 1970 601 2000 L
623 1973 654 2007 2,
679 1970 721 2000 Ρ.
738 1969 808 2007 (1.;“,

177 2015 281 2055 Gual,
293 2017 360 2053 N.;
376 2016 505 2055 Gauul,
522 2016 568 2047 K.
579 2016 688 2046 which
706 2015 790 2046 adds

176 2063 210 2092 111
225 2062 280 2093 the
296 2063 436 2101 margin,
452 2062 461 2078 ‘
474 2063 540 2093 Per
551 2065 613 2092 130
631 2062 721 2102 [132,
733 2061 789 2102 L.]

176 2118 254 2139 vero
263 2109 418 2147 miliaria,
428 2118 563 2147 passum
580 2118 681 2139 unum
699 2108 791 2148 [pas-

177 2163 247 2194 sus‚
264 2155 334 2195 L.],
350 2164 371 2185 a
388 2155 566 2194 Penguaul
586 2154 791 2193 [Pengaaub

177 2201 249 2241 L.],
279 2210 356 2240 quae
383 2201 465 2231 villa
495 2201 638 2232 Scottice
663 2200 791 2239 Cenail,

176 2247 318 2287 Anglice
348 2256 426 2277 vero
461 2247 627 2277 Peneltun
657 2246 791 2285 dicitur,

175 2302 283 2332 usque
307 2293 351 2324 ad
375 2293 497 2323 ostium
523 2293 666 2323 fluminis
690 2292 791 2324 Cluth

176 2342 209 2370 et
224 2338 492 2378 Cairpentaloch,
509 2348 574 2377 quo
597 2348 712 2369 murus
735 2339 792 2369 ille

176 2385 290 2416 finitur
304 2385 428 2416 rustico
438 2394 549 2423 opere.
583 2385 725 2415 Severus
736 2385 792 2415 ille

176 2431 360 2470 praedictus
391 2431 588 2469 construxit,
620 2431 677 2461 sed
710 2431 792 2461 nihil

176 2477 311 2516 profuit.
363 2476 544 2507 Carautius
560 2480 675 2515 postea
691 2477 793 2514 impe-

175 2526 264 2554 rator
281 2522 510 2561 re-edificavit,
525 2526 558 2553 et
573 2525 698 2561 septem
722 2532 794 2552 cas-

175 2569 264 2600 tellis
279 2569 420 2599 munivit
436 2569 520 2598 inter
539 2571 680 2606 utraque
696 2569 793 2606 ostia,

175 2615 376 2654 domumque
390 2615 563 2645 rotundam
581 2614 693 2653 politis
709 2614 793 2653 lapi-

175 2661 276 2692 dibus
287 2670 388 2700 super
398 2661 503 2699 ripam
515 2661 658 2691 fluminis
667 2660 792 2699 Carnu,

176 2707 264 2745 quod
281 2717 301 2738 a
317 2716 377 2737 suo
403 2707 532 2737 nomine
558 2716 673 2737 nomen
699 2716 791 2737 acce-

824 1741 884 1779 pit,
901 1740 1058 1771 fornicem
1074 1740 1308 1778 triumphalem
1325 1742 1357 1770 in
1375 1741 1441 1771 vic-

823 1787 917 1817 toriae
956 1787 1145 1817 memoriam
1191 1787 1322 1825 erigens
1366 1797 1441 1817 con-

824 1832 969 1863 struxit!
987 1833 1032 1862 K.
1046 1832 1085 1862 L.
1101 1832 1145 1863 N.
1185 1832 1334 1863 Another
1357 1842 1442 1863 mar-

824 1879 914 1917 ginal
924 1881 999 1908 note
1009 1878 1141 1908 follows
1151 1879 1183 1907 in
1195 1879 1240 1909 K.
1255 1889 1263 1915 ;
1280 1878 1441 1917 ‘Anglice

824 1933 900 1954 vero
925 1923 1071 1954 Penltun
1102 1923 1225 1954 dicitur
1256 1933 1276 1954 a
1306 1925 1440 1955 flumine

825 1970 957 2000 Kaldra
972 1979 1079 2008 usque
1096 1970 1139 1999 ad
1156 1970 1357 2001 Riminden.'

871 2014 894 2033 ¹¹
921 2016 995 2046 Non
1016 2017 1113 2046 multo
1132 2016 1232 2055 post]
1259 2016 1342 2046 Post
1357 2016 1441 2045 mul-

824 2065 894 2093 tum
906 2065 1049 2101 tempus.
1061 2085 1068 2093 .
1081 2086 1088 2093 .
1102 2062 1241 2092 Eboraci
1252 2062 1401 2100 moritur,
1410 2072 1440 2092 (1.

873 2106 897 2126 ¹²
920 2108 1092 2148 Meritum]
1116 2108 1204 2139 Dolo
1217 2108 1441 2138 Brittanorum

826 2155 967 2185 Eboraci
984 2155 1121 2185 moritur
1133 2154 1220 2184 intra
1231 2154 1441 2193 Brittaniam,

827 2201 872 2231 N.
892 2201 934 2231 P.

873 2244 898 2264 ¹⁶
917 2246 983 2282 Qui
999 2249 1090 2276 erant
1101 2256 1172 2287 εμνη
1186 2246 1248 2285 e0.]
1268 2245 1337 2277 Qui
1349 2249 1443 2276 erant

827 2302 903 2323 cum
919 2303 970 2331 eo,
983 2292 1192 2331 BryUaniam
1205 2292 1392 2322 verberavit
1404 2301 1443 2322 ac

825 2348 938 2370 omnes
965 2339 1098 2377 regulos
1123 2338 1294 2376 ducesque
1312 2338 1444 2376 Brytto-

825 2395 916 2424 num,
932 2388 965 2416 et
988 2385 1171 2415 vindicavit
1194 2384 1228 2414 111
1254 2384 1320 2414 illis
1345 2384 1444 2413 Seve-

826 2441 911 2470 rum,
923 2434 956 2461 et
972 2440 1153 2469 purpuram
1165 2430 1374 2468 Bryttanniae
1388 2429 1444 2460 de-

826 2477 982 2514 vastavit,
997 2486 1027 2506 a.

876 2521 901 2540 ¹³
930 2522 1028 2552 Valde
1041 2521 1222 2560 Seu-erum]
1247 2520 1356 2550 Valde
1369 2529 1443 2550 san-

828 2569 960 2607 guinem
972 2568 1097 2605 Severi,
1114 2567 1160 2597 Κ.

875 2613 900 2633 ¹9
926 2613 1130 2653 occupavit]
1163 2612 1365 2652 Occupavit,
1392 2611 1443 2641 vel

810 2694 811 2699 ¹
828 2661 983 2700 vastavit,
1000 2661 1027 2690 L
1044 2662 1075 2690 2.

1149 2753 1252 2781 2c2
