1997 3220
706 271 729 298 ,x
740 271 791 299 ri»
801 271 853 299 ns
864 271 907 298 m
921 270 965 299 x.
1405 266 1461 304 ‹55›

265 373 409 414 xlv.
459 373 699 424 Quomodo
739 373 762 412 ,1
776 374 893 413 ulius
939 374 1096 414 (ja-sar
1134 375 1198 414 bis
1242 389 1268 416 a
1310 377 1458 417 Brito-

197 440 328 479 nibus
365 440 572 492 repulsus
596 440 670 487 sit,
693 446 734 478 vt
759 440 983 492 quomodo
1014 440 1080 478 bis
1105 440 1249 480 victus
1281 442 1335 482 do
1359 444 1459 483 Bri-

195 506 352 546 tannia
374 507 471 545 sine
494 519 602 558 pace
623 511 665 545 ot
689 519 826 545 censu
849 506 893 545 in
917 506 1069 555 sugam
1094 506 1239 547 rediit.

266 571 381 612 XV.
416 572 627 621 Qualiter
661 572 808 617 tertio,
831 573 1057 623 superatis
1084 572 1365 622 Britonibus,
1388 576 1456 615 in-

157 648 175 675 5
196 636 341 676 sulani
369 639 627 690 occupavit,
658 638 961 690 Britoncsquc
993 638 1077 677 sibi
1110 639 1374 691 subjugavit
1411 647 1456 681 ct

194 702 294 742 illos
317 704 581 743 tributarios
606 703 726 748 fecit,
743 716 1016 756 censumque
1041 704 1224 744 reddere
1246 707 1410 757 coegit.

261 768 406 809 XVI.
441 769 574 819 Quod
596 769 640 808 in
664 769 879 808 honorem
903 770 1105 809 victoria»
1129 769 1259 819 Julii,
1288 773 1457 812 mensis

191 833 361 882 Julius,
383 835 460 887 qui
483 841 525 875 et
551 834 786 884 Quintilis,
806 835 1041 875 dedicatus
1065 836 1138 875 sit.

260 900 434 941 XVII.
468 900 601 951 Quod
624 900 842 940 Claudius
867 900 1124 953 Imperator
1154 915 1255 941 cum
1289 915 1456 953 magno

133 975 172 1003 10
191 966 344 1007 labore
382 972 427 1007 et
460 967 732 1007 detrimento
767 967 966 1007 secundo
999 972 1103 1019 post
1138 967 1312 1008 Julium
1352 969 1456 1009 Bri-

191 1038 320 1073 tones
344 1032 469 1082 vicit,
492 1039 534 1073 ct
568 1046 711 1085 usque
735 1032 937 1073 Orcades
970 1038 1112 1073 totam
1145 1034 1341 1074 insulam
1374 1036 1454 1075 ob-

189 1098 305 1139 sedit
325 1111 334 1147 ;
368 1104 411 1139 et
435 1100 510 1139 ubi
531 1099 706 1139 obierit.

258 1164 462 1205 XVIII.
496 1165 683 1215 Quanto
705 1171 907 1217 tempore
931 1166 987 1205 ab
1017 1166 1331 1207 incarnatione
1359 1166 1454 1206 Do-

187 1230 296 1270 mini
317 1230 529 1271 Britones
552 1231 685 1271 fidem
707 1230 878 1272 Christi
899 1236 1214 1284 susceperunt.

132 1310 172 1340 15
267 1295 421 1336 XIX.
477 1296 688 1346 Qualiter
737 1297 932 1336 Severus
984 1296 1240 1349 Imperator
1290 1298 1454 1337 tertius

189 1374 369 1402 murum
405 1367 534 1402 trans
564 1362 760 1402 insulam
791 1363 848 1402 ob
880 1363 1185 1403 incursionem
1218 1362 1454 1403 Pictorum

190 1427 543 1481 Scottorumque
579 1428 728 1468 facere
762 1429 995 1481 praecepit,
1032 1434 1077 1469 et
1110 1429 1213 1469 illos
1247 1441 1275 1469 a
1301 1429 1454 1470 Brito-

191 1494 324 1534 nibus
343 1494 512 1543 divisit,
535 1499 580 1534 et
602 1494 680 1534 ubi
700 1500 862 1546 postea
882 1499 1126 1546 peremtus

259 1559 384 1600 XX.
421 1560 661 1610 Quomodo
678 1559 892 1600 Carutius
914 1560 1171 1612 Imperator
1193 1560 1452 1601 vindicatus

129 1638 170 1667 20
189 1626 247 1667 sit
271 1626 505 1675 Severum,
529 1627 724 1666 satiatus
757 1626 980 1677 sanguine
1004 1626 1245 1666 Britonum
1266 1640 1275 1676 3
1309 1632 1355 1667 et
1375 1628 1454 1667 ubi

165 1711 168 1714 *
189 1691 405 1733 fornicem
427 1691 747 1745 triumphalem
766 1691 812 1731 in
835 1691 1098 1732 memoriam
1131 1704 1227 1732 suae
1248 1692 1451 1733 victoriae

188 1759 459 1800 construxit.

256 1823 411 1865 XXI.
446 1825 516 1865 De
539 1824 810 1865 Constantio
833 1823 1126 1864 Constantini
1148 1824 1310 1875 Magni
1342 1824 1451 1874 filio,

188 1890 265 1930 ubi
287 1890 449 1931 obierit
471 1895 515 1931 et
538 1890 745 1943 sepultus
766 1891 841 1940 sit,
863 1895 907 1930 et
928 1903 1030 1943 quae
1062 1891 1237 1931 semina
1254 1890 1301 1929 in
1322 1890 1452 1942 pavi-

128 1970 169 2000 25
188 1962 342 1997 mento
363 1958 487 1997 urbis
509 1957 715 1997 seruerit.

257 2022 441 2063 XXII.
478 2022 549 2063 De
586 2022 793 2062 Maximo
831 2021 1130 2074 Imperatore,
1172 2021 1303 2075 cujus
1337 2026 1450 2061 tem-

189 2088 374 2141 poribus
406 2088 603 2129 Sanctus
642 2088 872 2128 Martinus
908 2088 1153 2128 virtutibus
1187 2087 1366 2136 claruit,
1407 2093 1452 2128 et

189 2154 372 2207 quando
396 2154 705 2207 Imperatores
728 2153 935 2194 Caesares
957 2153 1182 2194 nominari
1202 2153 1450 2194 desierunt.

258 2219 471 2261 XXIII.
506 2220 577 2260 De
614 2219 900 2260 Maximiano
929 2219 1164 2272 Tyranno,
1199 2219 1278 2271 qui
1308 2219 1452 2259 fretus

129 2302 170 2332 30
189 2286 332 2327 milite
355 2286 595 2327 Britonum
621 2285 896 2326 Gratianum
917 2285 1082 2326 occidit
1106 2284 1452 2338 Imperatorem,

190 2356 235 2392 et
277 2352 566 2392 Britanniam
600 2351 796 2406 juvenili
832 2351 941 2392 flore
985 2350 1217 2404 spoliavit,
1256 2363 1308 2391 ac
1349 2351 1452 2391 Bri-

190 2418 393 2459 tanniam
416 2418 643 2458 Minorem
676 2418 740 2458 eis
772 2416 829 2458 ad
860 2417 1110 2458 incolatum
1135 2416 1274 2466 dedit,
1297 2418 1453 2469 sicque

190 2496 267 2524 eos
289 2483 615 2536 transmigrare
645 2483 778 2535 fecit3
812 2488 858 2523 et
879 2483 1000 2535 quod
1031 2495 1265 2535 nunquam
1293 2487 1455 2534 postea

190 2549 356 2590 reverti
377 2549 555 2590 meruit.

260 2758 286 2779 ³⁴
303 2759 458 2800 Meruit.]
484 2758 650 2790 Revestiri
667 2759 798 2799 meruit,
817 2758 918 2796 MS.;
942 2758 1061 2789 reverti
1078 2760 1268 2797 potuerunt,
1287 2758 1379 2789 Gale.

1168 2823 1254 2863 21³
