2096 3246
539 299 597 340 48
902 311 1132 341 msromA
1169 311 1439 349 nmromm,

538 413 645 453 thur
677 415 913 466 pugnabat
958 421 1119 456 contra
1160 415 1262 455 illos
1306 416 1350 454 in
1396 414 1483 453 illis
1514 414 1673 453 diebus
1704 426 1805 453 cum

539 481 720 532 regibus
754 481 1033 530 Brittonum,
1072 481 1148 521 sed
1182 481 1277 533 ipse
1308 480 1402 520 dux
1435 484 1534 519 erat
1571 479 1805 519 bellorum.

541 545 744 586 Primum
773 547 940 587 bellum
969 546 1054 587 fuit
1086 547 1132 586 in
1163 547 1331 586 ostium
1361 545 1560 585 fluminis
1588 545 1709 597 quod
1740 546 1806 585 di-

539 612 657 652 citur
679 611 840 663 Glein3
875 613 1139 661 secundum,
1161 617 1204 652 et
1225 612 1426 661 tertium,
1448 616 1493 652 et
1512 616 1741 663 quartum,
1762 617 1808 651 et

538 678 764 730 quintum,
797 691 934 731 super
966 678 1090 718 aliud
1118 678 1302 727 flumen,
1335 677 1456 731 quod
1488 677 1653 717 dicitur
1677 677 1806 717 Dub-

538 744 654 795 glas,
687 750 733 784 et
758 750 827 784 est
859 745 904 784 in
937 745 1121 797 regione
1147 744 1354 784 Linnuis.
1426 743 1617 784 Sextum
1638 742 1806 783 bellum

537 822 674 862 super
690 809 857 850 flumen
879 811 998 863 quod
1019 816 1211 851 vocatur
1232 810 1419 850 Bassas.
1457 809 1709 862 Septimum
1722 808 1808 848 fuit

538 875 704 914 bellum
719 877 765 915 in
787 876 904 916 silva
926 876 1174 925 Celidonis,

1194 876 1237 916 id
1260 881 1345 925 est,
1367 875 1455 916 Cat
1470 874 1573 915 Coit
1598 874 1805 915 Celidon.

537 940 765 980 Octavum
788 941 875 981 fuit
893 942 1062 982 bellum
1081 943 1127 981 in
1150 942 1340 982 castello
1361 941 1616 989 Guinnion,
1646 941 1692 980 in
1714 953 1805 993 quo

536 1003 713 1045 Arthur
745 1007 948 1059 portavit
987 1007 1235 1058 imaginem
1275 1007 1457 1046 Sanctae
1501 1007 1664 1046 Mariae
1704 1019 1806 1058 per·
1827 1011 1867 1039 10

534 1076 685 1123 petuae
699 1072 892 1124 virginis
911 1085 1049 1124 super
1063 1072 1275 1112 humeros
1292 1085 1414 1120 suos,
1436 1077 1480 1112 et
1500 1072 1670 1124 pagani
1688 1072 1808 1111 versi

534 1142 644 1178 sunt
685 1139 731 1178 in
762 1138 918 1190 fugam
950 1139 998 1178 in
1028 1138 1106 1178 illo
1138 1138 1226 1187 die,
1262 1143 1308 1178 et
1340 1137 1487 1178 caedes
1523 1149 1692 1189 magna
1722 1137 1809 1177 suit

534 1215 671 1255 super
710 1204 812 1244 illos
862 1217 943 1257 per
991 1204 1208 1244 virtutem
1260 1204 1447 1244 Domini
1500 1204 1645 1244 nostri
1693 1202 1807 1243 Jesu

536 1268 722 1318 Christi,
757 1276 803 1311 et
835 1283 915 1322 per
949 1270 1166 1310 virtutem
1198 1269 1380 1310 Sanctae
1415 1269 1578 1310 Mariae
1613 1269 1806 1322 virginis

534 1336 779 1386 genetricis
814 1336 928 1389 ejus.
1001 1335 1191 1376 Nonum
1228 1336 1397 1376 bellum
1439 1341 1618 1387 gestum
1659 1341 1728 1376 est
1758 1336 1806 1375 in
1828 1345 1866 1373 15

537 1400 661 1441 Urbe
685 1401 916 1454 Legionis
968 1402 1208 1442 Decimum
1231 1402 1374 1454 gessit
1394 1402 1562 1442 bellum
1584 1402 1631 1441 in
1653 1402 1807 1442 littore

533 1465 748 1516 fluminis,
800 1468 920 1520 quod
972 1473 1165 1508 vocatur
1215 1468 1434 1508 Tribruit.
1506 1468 1808 1508 Undecimum

581 1656 594 1675 ²
610 1659 675 1690 Sed
694 1682 701 1690 .
721 1683 728 1689 .
748 1683 755 1690 .
781 1659 961 1700 bellorum]
1001 1660 1045 1690 Et
1074 1661 1154 1691 licet

536 1706 633 1735 multi
650 1706 723 1744 ipso
742 1706 918 1737 nobiliores
935 1710 1057 1744 essent,
1081 1707 1153 1745 ipse

535 1756 644 1781 tamen
669 1751 850 1782 duodecies
877 1752 946 1782 dux
972 1753 1051 1782 belli
1077 1752 1153 1791 fuit,

534 1798 706 1836 victorque
722 1798 896 1837 bellorum,
912 1809 941 1829 a.
960 1799 1004 1829 D.
1022 1809 1127 1838 marg.

582 1841 594 1859 ‘¹
614 1844 740 1883 Glein.]
766 1844 864 1883 Gem,
888 1845 941 1883 Ε.,
967 1845 1078 1883 Glem,
1110 1846 1151 1875 E.

535 1899 639 1928 marg.
687 1890 757 1920 The
769 1890 857 1921 Glen
868 1891 900 1920 in
912 1891 1154 1921 Northumber-

534 1936 626 1974 land,
652 1935 707 1966 the
731 1936 829 1967 Glem
855 1937 889 1966 in
911 1937 1153 1975 Lincolnshire,

533 1982 588 2012 the
620 1981 695 2011 Lun
726 1982 759 2012 in
785 1983 1064 2022 Westmoreland,
1087 1983 1153 2013 and

533 2027 588 2058 the
620 2028 731 2058 Leven
762 2029 796 2058 in
828 2029 1066 2068 Cumberland,
1097 2038 1153 2060 are

536 2074 701 2112 severale
732 2075 903 2113 supposed
939 2078 972 2105 to
1003 2076 1044 2106 be
1075 2074 1152 2106 here

533 2119 670 2150 alluded
686 2123 731 2159 to,
747 2121 807 2151 but
823 2121 878 2152 the
888 2122 953 2152 last
965 2123 1153 2161 conjecture

534 2175 690 2205 appears,
717 2176 808 2205 upon
831 2167 887 2198 the
910 2167 1032 2207 whole,
1057 2171 1090 2198 to
1113 2169 1153 2198 be

533 2212 588 2242 the
605 2216 690 2243 most
706 2213 877 2250 probable.

581 2256 594 2273 ⁵
610 2258 787 2298 Dubglas]
813 2259 959 2299 Duglas,
988 2260 1030 2290 E.
1049 2270 1110 2298 a.;
1135 2270 1155 2291 a

535 2304 623 2334 river
638 2305 672 2334 in
689 2304 903 2336 Lancashire.

583 2347 596 2365 ⁶
612 2350 777 2390 Limnaia]
796 2351 975 2389 Lindesey,
992 2351 1036 2381 D.
1048 2361 1153 2391 marg.

538 2395 650 2434 Carte,
670 2395 836 2434 however,
860 2397 991 2435 assigns
1007 2406 1027 2427 a
1043 2397 1156 2427 differ-

537 2445 593 2471 ent
611 2441 746 2480 locality
767 2446 800 2472 to
815 2442 880 2472 this
901 2443 1042 2474 district.
1092 2444 1154 2474 See

539 2487 630 2518 Hist.
649 2488 747 2527 Engl.
765 2488 786 2519 i.
803 2491 879 2519 205.

584 2531 598 2554 7
623 2533 772 2574 Bassus]
799 2534 920 2573 Lusas,
944 2545 974 2566 a.
1027 2535 1157 2565 Proba-

537 2579 595 2618 bly
610 2580 644 2610 in
668 2580 886 2619 Hampshire,
912 2590 992 2611 near
1015 2581 1175 2620 Basing-*

537 2625 632 2656 stoke
659 2627 725 2656 and
742 2627 881 2666 Basing,
898 2637 978 2657 near
993 2626 1105 2657 which
1127 2628 1156 2657 is

538 2671 716 2710 Cherfield,
734 2674 927 2712 preserving
944 2673 998 2704 the
1015 2683 1111 2703 name
1124 2674 1161 2704 of

537 2726 626 2747 some
643 2719 745 2748 battle
762 2719 795 2748 in
812 2719 923 2750 which
941 2720 1074 2758 Cerdje,
1091 2720 1157 2750 Ar-

536 2763 644 2793 thur’s
668 2767 761 2802 great
784 2769 961 2805 opponent,
986 2775 1057 2796 was
1081 2775 1156 2796 con-

537 2809 669 2839 cerned.

1247 1658 1258 1676 ⁸
1286 1661 1348 1691 Cat
1381 1661 1455 1691 Coit
1495 1659 1656 1699 Celidon.]
1698 1659 1810 1690 Catoit

1190 1707 1343 1745 Celidon,
1368 1707 1433 1744 E.;
1458 1707 1574 1737 Cacoit
1601 1706 1754 1744 Celidan‚
1779 1715 1809 1736 α.

1189 1753 1221 1783 It
1237 1754 1266 1783 is
1282 1753 1460 1791 presumed
1478 1753 1522 1790 by
1539 1752 1662 1790 Usher,
1679 1763 1712 1790 p.
1732 1755 1808 1791 978,

1188 1799 1260 1829 that
1276 1799 1341 1829 this
1357 1809 1429 1829 was
1441 1808 1521 1829 near
1530 1798 1584 1829 the
1604 1799 1671 1837 city
1682 1798 1719 1828 of
1731 1798 1809 1834 Lin-

1188 1845 1283 1882 coln;
1307 1846 1367 1875 but
1383 1846 1449 1875 this
1465 1845 1599 1883 opinion
1614 1845 1642 1874 is
1658 1844 1807 1883 opposed

1188 1892 1233 1929 by
1261 1892 1372 1930 Carte,
1397 1891 1473 1921 who
1501 1891 1663 1930 imagines
1689 1890 1760 1921 that
1783 1892 1808 1921 it

1188 1947 1260 1967 was
1271 1937 1304 1967 in
1318 1938 1488 1968 Cumbria.
1523 1937 1586 1968 See
1599 1937 1691 1968 Hist.
1707 1937 1805 1977 Engl.

1188 1984 1212 2014 i.
1230 1986 1306 2014 205.

1235 2027 1248 2046 ⁹
1276 2030 1431 2060 Octavum
1457 2052 1465 2061 .
1484 2052 1491 2060 .
1511 2053 1519 2061 .
1547 2029 1703 2069 castella]
1741 2028 1807 2060 Oc-

1187 2079 1301 2106 tavum
1328 2079 1441 2106 contra
1464 2076 1622 2106 barbaros
1648 2076 1717 2115 egit
1740 2075 1808 2106 bel-

1187 2122 1258 2152 lum
1283 2123 1385 2161 juxta
1415 2122 1601 2160 castellum,
1632 2132 1662 2152 α.
1726 2121 1808 2152 This

1189 2168 1217 2198 is
1241 2168 1411 2207 supposed
1427 2172 1459 2198 to
1475 2169 1516 2199 be
1541 2168 1596 2198 the
1612 2168 1758 2198 Vinonia
1773 2167 1810 2198 of

1190 2214 1356 2253 Ptolemy,
1399 2224 1476 2245 now
1521 2213 1730 2253 Binchester,
1774 2215 1807 2244 in

1188 2260 1354 2291 Durham.

1235 2304 1261 2326 ¹⁰
1278 2306 1488 2346 Imaginem]
1514 2306 1723 2345 Concerning
1745 2305 1808 2336 Ar-

1188 2351 1294 2382 thur's
1316 2352 1469 2383 devotion
1485 2356 1518 2382 to
1533 2351 1588 2382 the
1605 2352 1736 2391 Virgin,
1752 2361 1807 2382 see

1190 2398 1312 2435 Usher,
1329 2408 1361 2436 p.
1381 2400 1456 2428 639.

1238 2442 1262 2461 ¹⁰
1278 2440 1479 2486 Perpetua]
1512 2444 1584 2475 Om.
1602 2444 1645 2475 B.

1238 2488 1264 2507 ¹⁶
1291 2490 1474 2529 Legionis.]
1510 2490 1579 2522 Qui
1615 2490 1806 2521 Britannice

1192 2535 1349 2566 Kairliun
1365 2536 1501 2575 dicitur,
1511 2536 1556 2567 D.
1569 2545 1675 2576 marg.
1718 2536 1807 2567 Now

1192 2582 1342 2613 Chester.

1239 2625 1264 2648 17
1282 2628 1458 2667 Tribruit.]
1472 2628 1613 2666 Ribroit,
1625 2628 1808 2666 D.‚Trath-

1190 2674 1334 2713 triuroit,
1366 2673 1410 2705 D.
1437 2684 1565 2712 marg.;
1589 2675 1738 2713 Robroit,
1765 2675 1806 2705 E.

1193 2720 1380 2750 Presumed
1396 2723 1428 2750 to
1444 2720 1485 2750 be
1504 2719 1674 2758 Arthuret,
1690 2730 1732 2751 on
1753 2720 1808 2750 the

1191 2766 1339 2806 Solway,
1365 2775 1421 2796 see
1450 2766 1562 2806 Carte,
1589 2766 1680 2798 Hist.
1707 2766 1807 2806 Engl.

1191 2812 1213 2842 i.
1232 2814 1307 2843 205.

2087 1613 2096 2043 ψ*-Α.-..--.-.---
2089 1493 2096 1599 -—.—..
2092 1443 2096 1466 ,-
