1997 3220
614 278 838 308 Avc'ronss
873 279 1068 309 NENNJo.
1414 274 1470 312 55

205 382 552 433 Catguonnucd.
646 383 830 435 Ecgl‘rid
887 384 1005 424 lilius
1058 385 1200 424 Osbiu
1259 388 1469 437 regnavit

205 460 365 488 novem
400 449 546 488 annis.
634 449 688 489 In
726 456 927 502 temporo
962 450 1082 490 illius
1113 451 1310 491 Sanctus
1345 453 1466 492 Gud-

204 514 357 554 bertus
379 514 620 568 episcopus
651 516 762 555 obiit
784 517 828 555 in
852 516 1000 555 insula
1022 516 1256 566 Mede-aut,
1279 518 1375 569 ipse
1398 525 1467 559 cst

202 580 280 632 qui
302 579 407 619 fecit
430 580 596 621 bellum
620 588 781 622 contra
806 582 962 622 Pictos
981 589 1025 622 et
1048 583 1218 623 corruit
1240 584 1316 624 ibi.

162 661 181 688 5
270 645 429 685 Peuda
485 647 603 687 lilius
655 648 816 700 Pybba
857 649 1068 700 regnavit
1109 649 1264 689 decem
1317 650 1464 698 annis,

200 712 297 764 ipse
322 712 492 763 primus
513 714 747 766 separavit
767 727 957 766 regnum
978 714 1254 755 Merciorum
1277 728 1304 755 a
1325 728 1466 767 regno

202 777 480 827 Nordomm,
511 787 555 820 et
591 781 759 820 Onnan
793 794 944 832 rcgcin
978 780 1385 832 Basteranglorum
1421 788 1466 822 ct

201 844 419 884 Sanctum
437 846 723 886 Osuualdum
747 859 896 898 regem
921 846 1183 887 Nordoruin
1205 848 1369 888 occidit
1387 861 1467 900 per

199 910 370 951 dolum.
443 910 548 963 Ipse
570 912 676 953 fecit
699 912 866 952 bellum
897 912 1098 966 Cocboy,
1123 913 1167 952 in
1189 928 1278 966 quo
1302 914 1465 955 cecidit

143 992 180 1020 ιο
202 976 331 1017 Eoua
354 977 474 1017 filius
496 978 660 1031 Pippa,
693 978 834 1018 frater
858 978 972 1032 ejus,
996 992 1077 1018 rex
1101 979 1394 1029 Merciorum,
1417 987 1463 1020 et

201 1043 407 1083 Osuuald
450 1057 531 1085 rex
577 1045 854 1093 Nordorum,
886 1051 931 1085 ct
961 1046 1057 1097 ipse
1095 1047 1240 1086 victor
1270 1046 1355 1087 fuit
1385 1059 1464 1099 per

197 1108 467 1150 diabolicam
488 1118 647 1151 artem.
721 1111 763 1151 N
770 1124 828 1151 011
851 1117 948 1151 erat
981 1112 1254 1164 baptizatus,
1281 1119 1326 1153 et
1347 1126 1462 1153 nun-

199 1189 336 1228 quam
358 1176 458 1216 Deo
482 1177 686 1217 credidit.

266 1307 288 1360 ς’
318 1307 390 1348 66.
424 1307 468 1348 Α
492 1307 649 1348 mundi
680 1308 904 1361 principio
938 1321 1082 1361 usque
1114 1308 1170 1348 ad
1195 1307 1461 1350 Constanti·
1478 1315 1653 1374 ggrggssgogi-

138 1389 177 1417 15
198 1386 305 1413 num
327 1380 372 1414 et
394 1374 568 1415 Rufum
590 1375 789 1427 quinque
808 1374 965 1424 millia,
999 1375 1206 1415 sexcenti
1237 1377 1463 1428 quinqua-
1602 1368 1607 1373 ’

197 1440 327 1492 ginta
348 1447 452 1481 octo
474 1441 582 1481 anni
604 1441 906 1493 reperiuntur.

267 1505 401 1555 Item,
424 1520 451 1547 a
473 1507 649 1547 duobus
673 1507 865 1559 geminis
888 1505 1012 1546 Ruso
1035 1510 1080 1546 et
1101 1505 1298 1546 Rubelio
1320 1518 1464 1559 usque

196 1573 243 1612 in
263 1572 544 1614 Stilicionem
575 1573 823 1622 consulem,
852 1572 1022 1613 treceni
1053 1572 1348 1625 septuaginta
1369 1577 1461 1612 tres

195 1639 304 1679 anni
324 1645 446 1680 sunt.

135 1719 177 1747 20
264 1703 399 1754 Item,
445 1717 472 1744 a
522 1704 755 1745 Stilicione
796 1716 942 1756 usque
979 1703 1036 1743 ad
1078 1702 1460 1744 Valentinianum

196 1770 337 1811 filium
378 1770 579 1811 Placidae
614 1776 659 1811 et
700 1784 892 1823 regnum
928 1769 1268 1822 Guorthigirni,
1294 1768 1461 1822 viginti

195 1842 300 1877 octo
325 1838 448 1877 anni.

264 1903 325 1943 Et
355 1916 382 1943 a
403 1916 544 1955 regno
567 1901 887 1954 Guorthigirni
917 1914 1062 1954 usque
1097 1900 1155 1941 ad
1187 1900 1460 1941 discordiam

198 1968 424 2009 Guitolini
447 1975 493 2009 et
515 1968 761 2017 Ambrosii,
784 1968 892 2008 anni
917 1973 1026 2009 sunt
1056 1966 1309 2016 duodecim,
1341 1966 1461 2019 quod

137 2053 178 2081 25
198 2041 266 2076 est
299 2034 610 2088 Guoloppum,
649 2035 695 2075 id
733 2040 818 2083 est,
856 2033 1164 2087 Catguoloph.
1239 2032 1460 2073 Guorthi-

198 2101 356 2153 girnus
373 2107 525 2142 autem
541 2102 688 2141 tenuit
703 2101 941 2153 imperium
960 2101 1008 2141 in
1020 2100 1298 2148 Brittannia,
1309 2098 1461 2139 Theo-

198 2167 327 2207 dosio
367 2174 412 2208 et
428 2167 774 2207 ·Valentiniano
808 2166 1086 2215 consulibus,
1122 2171 1168 2206 et
1208 2165 1254 2213 in
1296 2169 1461 2218 quarto

199 2245 319 2274 anno
358 2234 485 2286 regni
521 2234 589 2273 sni
627 2233 835 2273 Saxones
876 2233 930 2273 ad
976 2231 1285 2273 Brittanniam
1324 2244 1460 2271 vene-

198 2305 320 2348 runt,
363 2300 514 2340 Felice
558 2306 604 2340 et
644 2299 799 2339 Tauro
841 2299 1120 2347 consulibus,
1155 2297 1463 2350 quadringen—

140 2379 181 2407 30
200 2366 360 2406 tesimo
389 2379 510 2406 anno
535 2367 592 2406 ab
620 2366 933 2406 incarnatione
962 2365 1149 2405 Domini
1177 2364 1322 2404 nostri
1350 2363 1464 2404 Jesu

202 2430 391 2472 Christi.

268 2497 342 2538 Ab
366 2510 486 2538 anno
507 2511 597 2550 quo
619 2497 827 2537 Saxones
846 2502 1072 2536 venerunt
1092 2496 1139 2535 in
1155 2494 1463 2535 Brittanniam

250 2686 257 2704 ¹
288 2685 544 2725 Catguomnwd]
563 2684 818 2723 Catguomined,
856 2685 940 2715 ravit
958 2693 1108 2723 regumn,
1125 2683 1167 2714 Α.
1187 2684 1230 2715 Β.
1252 2685 1289 2714 C.
1309 2684 1349 2715 F.

207 2738 268 2771 (.'.;
293 2733 515 2771 Catgomhwt,
535 2731 574 2762 12,
903 2728 929 2747 2³
955 2726 1218 2773 Guorlhigirni.]
1280 2731 1472 2770 Guorthini,

250 2779 262 2798 ⁶
295 2778 464 2819 Separuvit
503 2774 665 2820 regnum]
713 2777 820 2815 Repu·
861 2778 901 2807 Β.
923 2778 960 2807 ('.
