1997 3220
579 272 803 302 AUCTORE
838 271 1034 301 NENNlo.
1380 264 1437 303 45

170 378 279 430 priis
298 377 430 417 donis
452 377 654 417 redemit.
716 377 908 429 Scripsit
940 377 1203 428 ahcgetoria
1235 384 1436 418 trecenta

169 444 414 495 sexaginta
466 444 681 495 quinque,
728 448 806 482 ant
858 456 911 482 eo
963 442 1174 494 amplius,
1221 443 1436 483 ccclesias

169 521 349 561 quoque
380 508 537 548 eodem
571 522 757 548 numero
791 507 998 547 fundavit
1029 513 1258 548 trecentas
1301 522 1435 548 sexa-

170 575 302 626 ginta
349 575 564 626 quinque.
647 574 892 614 Ordinavit
932 574 1171 626 episcopos
1209 579 1438 614 trecentos

132 641 416 691 ssexaginta
454 641 670 693 quinque,
711 646 790 680 aut
830 653 883 680 eo
931 639 1142 692 amplius,
1184 640 1229 679 in
1276 641 1439 692 quihus

172 705 369 758 Spiritus
403 706 489 746 Dei
511 712 624 746 erat.
699 705 998 758 Presbyteros
1024 711 1177 745 autem
1212 719 1354 758 usque
1383 706 1437 746 ad

173 772 261 812 tria
282 771 425 812 millia
446 772 692 819 ordinavit,
713 777 758 811 et
778 771 1014 811 duodecim
1045 771 1186 811 millia
1207 771 1439 812 hominum

173 837 220 877 in
254 850 345 884 una
376 838 561 889 regione
599 836 837 877 Conachta
871 837 927 876 ad
962 837 1094 876 fidem
1131 836 1302 878 Christi
1333 851 1440 877 con-

173 904 312 944 vertit
333 909 378 943 et
398 903 663 956 baptizavit.
736 902 1058 954 Quadraginta
1085 902 1242 942 diebus
1262 909 1307 943 et
1329 917 1440 955 qua-

114 981 155 1010 ιο
173 969 387 1022 draginta
419 970 628 1009 noctibus
662 969 708 1008 in
739 969 973 1008 cacumine
1006 969 1173 1008 montis
1197 969 1295 1009 Eile
1319 969 1441 1023 jeju-

175 1035 319 1084 navit,
355 1035 399 1075 id
431 1041 516 1081 est,
540 1034 784 1075 Cruachan
820 1034 918 1074 Eile
938 1048 948 1084 ;
982 1035 1028 1074 in
1052 1048 1142 1086 quo
1164 1035 1296 1083 colle,
1318 1048 1442 1075 mare

175 1101 455 1149 imminente,
490 1107 582 1141 tres
620 1101 864 1153 petitiones
908 1113 990 1152 pro
1024 1100 1092 1140 his
1126 1101 1203 1152 qui
1237 1101 1371 1140 fidem
1385 1115 1443 1141 ex

175 1166 558 1207 Hiberniensibus
590 1171 860 1218 receperunt
895 1166 1143 1205 clementer
1171 1166 1441 1218 postulavit.

176 1231 333 1272 Prima
368 1233 530 1284 petitio
563 1232 663 1285 ejus
690 1237 776 1280 est,
808 1237 859 1271 ut
895 1231 1053 1271 dicunt
1087 1231 1249 1281 Scotti,
1281 1231 1326 1271 id
1359 1238 1444 1281 est,

223 1345 232 1364 ¹
259 1344 395 1391 Bonis]
432 1348 618 1387 Sumtibus,
650 1348 695 1378 D.
728 1348 793 1385 E.;

175 1395 381 1431 muneribus,
396 1405 427 1425 a.

223 1438 234 1458 ¹
265 1437 442 1484 Redemit]
470 1440 513 1470 Et
538 1440 572 1470 in
599 1440 730 1470 nomine
757 1439 790 1470 S.

175 1485 348 1516 Trinitatis
365 1486 530 1525 liberavit,
546 1487 649 1517 addit.
667 1496 697 1516 α.

225 1530 233 1550 ¹
253 1532 394 1572 Scripsit
412 1557 420 1564 .
441 1556 448 1563 .
470 1555 476 1562 .
497 1532 662 1572 mnplius]
688 1532 795 1563 Cano-

177 1578 270 1609 nicos
308 1579 384 1609 aliis
423 1578 566 1620 (scilicet
604 1576 713 1617 libris)
752 1578 794 1608 ad

179 1624 276 1655 fidem
314 1625 511 1655 catholicam
553 1624 795 1663 pertinentibus

178 1670 280 1701 libros
297 1671 430 1709 scripsit
447 1673 522 1707 365,
537 1680 567 1701 a.

228 1714 236 1734 ¹
253 1716 448 1755 Abegetoria
466 1716 558 1756 365]
573 1714 690 1746 Libros
703 1725 797 1753 agre-

179 1762 270 1793 coria
293 1764 368 1801 345,
386 1762 429 1793 D.
446 1771 550 1801 marg.
599 1761 680 1791 This
703 1761 795 1791 word

180 1809 328 1847 signifies
343 1809 450 1839 tables
468 1807 659 1846 containing
675 1817 695 1838 a
710 1817 797 1846 copy

180 1854 219 1885 of
229 1854 284 1885 the
299 1854 469 1893 alphabet,
480 1853 636 1884 followed
652 1854 697 1891 by
707 1863 796 1883 some

180 1900 219 1931 of
238 1900 294 1931 the
319 1910 408 1931 more
432 1900 550 1939 simple
574 1900 740 1930 doctrines
764 1899 801 1929 of

182 1946 401 1985 Christianity
412 1957 420 1984 ;
433 1946 498 1977 and
509 1955 659 1976 assumes
671 1946 713 1975 its
723 1955 797 1983 pre-

181 1996 255 2023 sent
275 1992 371 2030 form,
393 1992 523 2023 instead
544 1991 582 2022 of
601 1992 610 2008 ‘
624 1991 798 2022 Abeceda-

182 2038 258 2077 ria,'
273 2039 306 2068 in
319 2048 546 2077 consequence
558 2037 595 2068 of
600 2037 654 2068 the
667 2038 798 2068 ancient

182 2084 270 2115 Irish
294 2085 429 2124 placing
445 2084 499 2115 the
522 2084 619 2114 letter
638 2094 663 2122 g
686 2084 799 2114 imme-

182 2130 309 2169 diately
330 2131 414 2161 after
431 2130 460 2161 b.
508 2130 578 2160 The
600 2129 719 2160 Scotch
743 2134 799 2168 yet

182 2186 244 2207 use
274 2186 317 2207 an
346 2176 548 2214 elementary
572 2175 666 2206 work
690 2175 798 2206 called

183 2222 276 2253 ‘The
298 2223 343 2260 A,
364 2223 402 2261 B,
429 2223 469 2261 C,
492 2222 558 2252 and
584 2221 639 2252 the
665 2221 800 2252 Shorter

182 2268 397 2300 Catechism.'
443 2270 504 2299 See
515 2270 602 2298 Acta
618 2268 676 2299 SS.
694 2268 797 2299 Mart.

181 2318 260 2345 tom.
278 2315 313 2346 ii.
330 2325 363 2354 p.
382 2317 458 2354 517,
474 2314 532 2354 ξό,
548 2317 580 2345 6.

228 2359 243 2379 ³
258 2361 351 2401 365]
376 2363 452 2400 362,
467 2371 498 2391 α.

228 2405 242 2425 ⁴
261 2407 462 2446 Ordinavit]
487 2405 607 2436 Before
622 2405 688 2435 this
703 2405 798 2435 word

184 2452 229 2483 D.
246 2452 365 2482 inserts
388 2452 443 2482 the
460 2452 631 2490 following
655 2461 798 2490 passage

183 2499 217 2529 in
232 2498 288 2529 the
303 2499 443 2537 margin.
492 2498 501 2514 ‘
515 2498 634 2527 Servos
649 2497 714 2527 Dei
741 2497 798 2526 do-

184 2544 254 2575 cuit
281 2547 314 2574 et
338 2544 380 2574 ad
397 2543 621 2583 episcopalem
646 2543 799 2581 gradum,

183 2590 310 2630 Spiritu
349 2590 470 2621 Sancto
509 2588 701 2627 affirmante,
738 2589 797 2618 tali

183 2646 320 2667 numero
341 2635 559 2672 consecravit,
582 2633 616 2663 id
632 2638 694 2672 est,
712 2634 800 2665 345!

183 2682 291 2714 These
331 2682 475 2721 exploits
505 2680 542 2710 of
570 2680 708 2710 Patrick
743 2690 799 2710 are

874 1344 887 1364 ⁷
905 1346 1110 1387 Duodecim]
1134 1346 1217 1386 Alii,
1233 1350 1387 1386 quatuor,
1406 1348 1444 1378 C.

828 1402 936 1432 marg.

878 1438 890 1455 ⁸
907 1435 1100 1481 Conachta]
1127 1438 1335 1477 Cunnehcta,
1351 1449 1382 1469 ιι.

875 1483 888 1502 ⁹
905 1485 1124 1525 Baptizarit.]
1155 1487 1192 1515 C.
1220 1485 1304 1515 adds
1333 1485 1364 1515 in
1390 1485 1446 1515 the

829 1532 971 1570 margin,
1001 1532 1060 1562 ‘et
1091 1535 1216 1570 septem
1247 1541 1354 1570 regQS,
1389 1532 1446 1569 qui

831 1581 925 1607 erant
950 1577 1009 1607 filii
1034 1576 1219 1616 Amolgith‚
1244 1577 1276 1606 in
1303 1587 1368 1607 uno
1391 1577 1446 1607 die

830 1623 1036 1662 baptizavi&
1050 1622 1242 1661 remarking
1262 1623 1333 1653 that
1355 1623 1448 1653 other

831 1669 1054 1708 manuscripts
1076 1673 1161 1699 state
1187 1669 1260 1699 that
1285 1669 1351 1699 this
1376 1679 1447 1699 was

831 1714 915 1744 done
950 1715 1006 1744 ‘in
1036 1724 1112 1745 aree
1144 1715 1320 1746 Minante.’
1377 1715 1447 1745 The

832 1761 952 1791 former
991 1760 1029 1791 of
1061 1760 1154 1791 these
1192 1761 1380 1799 quotations
1418 1761 1448 1791 is

831 1806 934 1837 found
951 1807 984 1837 in
999 1806 1054 1837 the
1070 1810 1142 1837 text
1157 1807 1194 1837 of
1206 1807 1251 1838 D.
1266 1807 1307 1837 Ε.
1327 1807 1393 1837 and
1415 1818 1446 1838 α.

832 1853 971 1883 Usher's
994 1853 1195 1891 Primordia,
1219 1863 1252 1891 p.
1270 1855 1346 1892 864,
1372 1863 1448 1892 may

833 1899 872 1929 be
883 1899 1057 1929 consulted
1067 1899 1246 1938 regarding
1257 1899 1323 1929 this
1334 1899 1449 1929 Amal-

832 1944 947 1983 gaidh,
983 1954 1020 1975 or
1060 1945 1249 1984 Amhlaich,
1295 1945 1378 1984 king
1415 1945 1453 1976 of

833 1990 1045 2030 Connaught.

881 2034 906 2054 ¹⁰
931 2036 1035 2076 Eile.]
1061 2036 1138 2075 Ely,
1170 2036 1239 2076 D.;
1272 2037 1376 2077 Hely,
1403 2037 1448 2069 D.

833 2092 937 2122 marg.
956 2084 1019 2121 E.;
1044 2082 1111 2121 Eli,
1127 2093 1156 2113 α.

881 2126 904 2146 ¹¹
924 2128 1092 2160 Cruachan
1108 2129 1211 2169 Eile.]
1236 2128 1327 2159 Crua
1343 2128 1449 2159 Cane·

834 2174 903 2213 lim,
920 2175 961 2206 Ε.
978 2186 986 2213 ;
1011 2175 1248 2214 Cruachangli‚
1265 2185 1294 2205 α.
1338 2175 1449 2206 Usher

833 2224 936 2251 states
963 2221 1034 2251 that
1053 2220 1119 2251 this
1145 2222 1174 2251 is
1197 2231 1217 2251 a
1232 2220 1449 2252 well—known

832 2271 1042 2305 promontory
1071 2267 1105 2296 in
1127 2266 1344 2306 Connaught,
1373 2277 1449 2297 now

832 2312 941 2343 called
979 2312 1316 2352 Cruach-Phadruig‚
1354 2313 1377 2344 i.
1417 2322 1447 2344 e.

832 2358 841 2375 ‘
859 2358 1024 2389 Tumulus
1055 2359 1220 2390 Patn'cii!
1282 2359 1447 2390 Primord.

832 2414 889 2444 pp.
907 2407 984 2442 886,
1002 2407 1098 2435 1047.

880 2448 902 2468 ¹¹
920 2451 1044 2490 Mara]
1068 2450 1108 2480 In
1123 2459 1212 2486 aere,
1228 2450 1273 2480 D.
1291 2450 1333 2481 E.

881 2493 902 2514 ¹¹
921 2496 1015 2526 Mare
1032 2495 1243 2535 imminente]
1275 2495 1401 2526 om.A.

880 2539 1138 2581 12Ιιηηιίηεηίε.]
1178 2542 1249 2572 Om.
1279 2541 1346 2578 D.;
1379 2551 1447 2572 ma-

832 2591 941 2626 nente,
976 2588 1018 2618 D.
1051 2596 1179 2626 marg.;
1222 2597 1281 2618 om.
1310 2588 1365 2627 E„
1389 2588 1449 2617 mi-

833 2637 943 2670 nante,
963 2634 1002 2664 Ε.
1019 2642 1124 2671 marg.

882 2678 904 2697 ¹⁴
926 2680 971 2710 Ut
986 2679 1099 2710 dicunt
1115 2678 1249 2719 Scotti]
1273 2679 1319 2709 Ut
1334 2678 1451 2719 fertur,

183 2728 298 2760 traced
313 2728 456 2767 through
481 2735 659 2757 numerous
682 2725 797 2756 autho·
834 2725 877 2757 D.
897 2726 938 2756 E.

184 2774 276 2805 rities
294 2774 336 2812 by
355 2774 477 2813 Usher,
493 2783 549 2813 pp.
567 2774 643 2811 950,
659 2775 734 2803 951.

879 2769 902 2788 ¹⁴
919 2772 959 2802 Id
975 2771 1050 2811 est.]
1081 2771 1152 2801 Om.
1170 2770 1214 2801 D.
1232 2781 1262 2801 a.
