2096 3246
492 274 549 314 38
856 284 1083 313 HlsronlA
1118 282 1386 319 BR1TONUM,

494 395 608 438 erat,
638 388 913 429 vociferatus
947 393 1032 436 est,
1065 392 1111 427 et
1146 399 1302 426 omncs
1338 384 1539 424 seniores
1571 383 1761 424 trecenti

495 454 813 507 Guorthigirni
854 454 972 506 regis
1008 452 1210 506 jugulati
1253 456 1375 499 sunt,
1416 455 1460 489 et
1501 450 1598 501 ipse
1637 450 1761 489 solus

495 526 657 574 captus
701 525 747 561 et
788 524 1029 560 catenatus
1078 523 1162 566 est,
1203 522 1249 557 et
1294 516 1503 568 regiones
1544 515 1762 567 plurimas

496 600 578 640 pro
613 587 890 627 redemtione
929 585 1092 625 animae
1134 595 1230 623 suae
1264 582 1353 622 illis
1389 580 1562 629 tribuit,
1596 580 1639 620 id
1677 585 1762 627 est,

497 653 765 701 Estsaxum,
797 651 1066 700 Sutsaxum,
1098 654 1149 690 ut
1181 649 1238 689 ab
1260 648 1421 688 illicita
1441 646 1764 700 conjunctione
1803 656 1821 682 ⁵

496 732 545 759 se
565 722 814 771 separaret.

567 785 680 838 §47.
714 784 911 824 Sanctus
963 794 1071 822 vero
1122 780 1382 821 Germanus
1432 777 1765 829 Guorthigirno

498 850 777 903 praedicabat
796 855 847 889 ut
869 848 926 888 ad
948 848 1196 888 Dominum
1218 859 1351 886 suum
1371 848 1683 894 converterem
1717 848 1766 883 at

498 916 573 955 ille
593 928 737 967 usque
761 915 818 954 ad
838 914 1086 965 regionem,
1108 926 1210 965 quae
1234 926 1261 952 a
1283 912 1463 952 nomine
1485 924 1568 951 suo
1590 909 1765 962 accepit

499 994 680 1030 nomen,
714 979 1144 1031 Guorthigirniaun,
1176 977 1494 1017 miserabiliter
1513 976 1687 1028 effugit,
1716 980 1766 1015 ut
1785 983 1826 1012 10

499 1047 560 1087 ibi
591 1060 693 1087 cum
725 1046 946 1086 uxoribus
978 1044 1072 1084 suis
1097 1044 1275 1084 lateret.
1348 1042 1409 1082 Et
1429 1042 1626 1082 Sanctus
1649 1040 1765 1081 Ger-

500 1125 662 1153 manus
701 1117 806 1165 post
844 1111 971 1151 illum
1014 1115 1198 1150 secutus
1239 1113 1309 1149 est
1346 1121 1448 1148 eum
1486 1107 1609 1148 omni
1646 1106 1767 1147 clero

502 1179 781 1227 Brittonum,
805 1182 851 1218 et
880 1177 942 1217 ibi
974 1175 1282 1229 quadraginta
1312 1174 1470 1214 diebus
1504 1178 1549 1214 et
1570 1173 1767 1226 quadra-

501 1246 632 1297 ginta
671 1245 879 1285 noctibus
910 1243 1094 1291 mansit,
1131 1247 1176 1282 et
1211 1254 1347 1294 super
1379 1246 1554 1293 petram
1591 1240 1768 1288 orabat,

503 1316 548 1351 et
578 1311 649 1351 die
681 1315 910 1362 noctuque
944 1309 1112 1349 stabat.
1184 1307 1244 1348 Et
1277 1307 1441 1347 iterum
1475 1305 1767 1358 Guorthigir-
1789 1315 1826 1344 15

502 1390 589 1416 nus
624 1389 769 1429 usque
806 1376 863 1416 ad
902 1387 1052 1415 arcem
1091 1373 1427 1425 Guorthigirni,
1466 1385 1568 1424 quae
1612 1376 1682 1412 est
1720 1371 1768 1411 in

502 1442 688 1494 regione
729 1442 1026 1482 Demetorum
1063 1440 1204 1493 juxta
1243 1439 1411 1478 flumen
1454 1438 1600 1486 Teibi,
1637 1438 1769 1489 igno-

503 1509 693 1548 miniose
725 1506 961 1548 abscessit.
1033 1505 1094 1546 Et
1125 1504 1260 1544 solito
1282 1517 1405 1544 more
1431 1503 1628 1544 Sanctus
1652 1502 1768 1543 Ger-

503 1587 665 1614 manus
697 1587 800 1614 eum
831 1577 1016 1613 secutus
1049 1575 1132 1620 est,
1165 1575 1211 1611 et
1230 1570 1292 1610 ibi
1306 1570 1495 1624 jejunus
1524 1582 1627 1610 cum
1648 1569 1771 1610 omni

282 793 452 824 Vortigern’s

284 828 427 857 obstinacy

284 861 339 885 and
354 860 438 885 death
450 867 456 888 ς

553 1728 566 1748 3
583 1730 745 1769 Regiones
758 1728 942 1769 plurimas]
955 1728 1037 1759 Tres
1050 1738 1124 1767 pro-

506 1776 647 1816 vincias,
696 1776 779 1806 East
825 1775 970 1815 Seaxan,
1015 1775 1124 1805 Suder

1206 1725 1228 1744 ¹¹
1259 1727 1452 1767 Uxoribus]
1470 1727 1686 1767 Mulieribus,
1701 1727 1747 1758 D.

1205 1772 1229 1792 ¹⁴
1257 1774 1409 1814 Orabat]
1435 1774 1575 1805 Orabat.
1624 1774 1694 1804 Iste
1715 1774 1773 1812 be-

507 1824 652 1861 Seaxan,
668 1822 801 1852 Middel
817 1822 962 1861 Seaxan,
980 1831 1057 1852 eum
1074 1831 1124 1851 re-

508 1869 611 1907 liquis
636 1868 841 1907 regionibus,
867 1877 952 1906 quas
972 1868 1039 1907 ipsi
1065 1867 1125 1898 eli·

510 1918 624 1954 gentes
640 1914 905 1953 nominaverunt,
921 1924 951 1945 α.

556 1959 568 1979 4
593 1960 698 2000 Simu]
718 1961 761 1991 B.
782 1961 819 1991 C.
834 1971 842 1998 3
858 1970 954 1999 meae,
969 1960 1013 1990 A.

557 2005 569 2023 ⁵
592 2007 798 2047 Estsaxum.]
818 2007 993 2045 Elsaxum,
1010 2006 1055 2037 Β.
1075 2007 1112 2037 C.

556 2051 568 2070 ⁵
593 2053 801 2093 Sutsaoemn.]
827 2052 1039 2093 Mydelsexe,
1069 2053 1125 2083 ad-

510 2099 571 2130 dit.
588 2109 691 2138 marg.
708 2099 753 2131 D.

558 2145 571 2162 ⁵
601 2141 676 2188 Ua]
694 2146 749 2185 Et,
767 2145 810 2176 Β.
831 2146 869 2177 C.

557 2190 570 2209 ⁶
594 2192 637 2223 Se
651 2192 842 2232 separaret]
859 2192 1010 2230 Separet,
1027 2192 1071 2222 B.

558 2236 571 2254 ⁶
595 2235 798 2281 Separaret]
824 2238 870 2269 D.
896 2238 975 2268 here
1002 2239 1125 2277 impro-

512 2283 605 2322 perly
622 2284 740 2314 inserts
756 2284 811 2314 the
827 2284 999 2323 following
1013 2284 1126 2314 words

512 2329 595 2360 from
626 2330 680 2360 the
711 2333 792 2360 next
821 2333 987 2361 sentence.
1051 2331 1061 2346 ‘
1078 2332 1126 2360 At

512 2376 569 2406 ille
593 2385 700 2414 usque
724 2375 767 2406 ad
791 2377 972 2415 regionem,
1003 2385 1079 2414 quae
1105 2386 1126 2407 a

513 2423 642 2452 nomine
659 2432 720 2452 suo
730 2426 905 2461 acceperat
917 2432 1047 2461 nomen,
1063 2423 1127 2453 sei-

511 2468 601 2506 licet,
620 2468 966 2509 Guorthigirnianum,
991 2469 1126 2499 misera-

512 2514 622 2544 biliter
637 2514 796 2553 aufugit.'

559 2558 573 2578 S
596 2561 726 2600 .S'zcmn.]
748 2561 820 2591 Om.
838 2560 883 2591 D.

558 2605 571 2625 S
597 2607 829 2647 Com-efferet]
848 2607 1073 2645 Converteret,
1094 2609 1127 2637 et

511 2654 553 2683 ab
571 2653 689 2683 illicita
706 2654 782 2683 filiae
803 2653 946 2692 propria}
970 2653 1127 2683 commix-

511 2700 598 2729 tione
623 2700 767 2729 alienum
793 2710 827 2730 se
852 2700 988 2737 faceret,
1011 2710 1054 2737 a„
1071 2700 1127 2730 ml-

511 2746 571 2776 dit.
589 2756 692 2783 marg.
711 2746 754 2775 D.

558 2790 569 2807 ⁸
593 2792 667 2831 ΑΛ]
696 2802 726 2821 ιι.
746 2792 789 2822 Ι).
806 2801 813 2827 3
831 2794 874 2829 vt,
892 2791 932 2821 A.
955 2792 995 2821 B.
1017 2795 1054 2822 ('.

1157 1820 1330 1851 atissiinus
1361 1820 1412 1850 vir
1441 1820 1510 1850 dux
1543 1820 1622 1850 belli
1657 1823 1772 1851 contra

1158 1866 1306 1896 Saxones
1338 1876 1406 1896 una
1436 1876 1516 1897 voce
1546 1866 1669 1905 factus,
1705 1876 1769 1896 non

1159 1913 1315 1943 tubarum
1331 1912 1499 1952 clangore,
1522 1913 1581 1943 sed
1597 1912 1641 1943 ad
1656 1912 1773 1943 Domi-

1158 1968 1237 1989 num
1255 1959 1379 1990 orando
1403 1968 1478 1989 cum
1497 1962 1597 1989 cantu
1621 1959 1773 1989 Psalmo-

1158 2015 1232 2035 rum
1248 2005 1412 2043 Alleluia,
1433 2008 1589 2044 totusque
1604 2006 1773 2036 exereitus

1159 2051 1203 2082 ad
1224 2051 1336 2082 Deum
1356 2050 1581 2091 vociferando,
1604 2051 1716 2082 hostes
1739 2052 1773 2082 in

1158 2097 1273 2137 fugam
1289 2107 1397 2136 usque
1409 2107 1498 2128 mare
1508 2098 1680 2129 convertit.
1730 2098 1774 2128 Et

1158 2144 1279 2174 iterum
1325 2143 1609 2184 Guorthegirnus,
1638 2147 1702 2175 etc.
1741 2153 1771 2176 α.

1158 2190 1315 2221 Allusion
1332 2191 1360 2220 is
1376 2190 1473 2221 made
1497 2191 1530 2220 in
1547 2190 1613 2221 this
1628 2199 1773 2229 passage

1158 2239 1192 2266 to
1209 2236 1264 2267 the
1281 2238 1405 2275 victory
1423 2237 1543 2275 gained
1567 2238 1611 2275 by
1627 2236 1682 2267 the
1699 2237 1775 2266 Bri-

1159 2286 1232 2312 tons
1248 2293 1326 2313 over
1342 2282 1396 2312 the
1413 2283 1542 2313 Saxons
1557 2282 1701 2322 through
1717 2282 1773 2313 the

1159 2328 1439 2366 instrumentality
1455 2329 1493 2358 of
1511 2329 1559 2359 St.
1570 2328 1773 2368 Germanus,

1160 2375 1358 2414 concerning
1381 2374 1493 2405 which
1515 2384 1571 2405 see
1590 2375 1698 2414 Beda,
1725 2375 1773 2406 H.

1160 2421 1200 2452 E.
1220 2430 1243 2452 1.
1260 2430 1317 2451 xx.

1210 2464 1233 2483 ¹⁶
1255 2463 1402 2509 Arcem]
1428 2467 1550 2498 Arcem
1574 2477 1674 2506 quam
1694 2467 1775 2498 aedi-

1161 2514 1317 2544 ficaverat
1340 2516 1373 2543 et
1389 2523 1506 2544 nomen
1541 2513 1774 2553 Guorthigirni

1161 2560 1376 2599 imposuerat,
1407 2569 1483 2598 quae
1514 2563 1565 2590 est
1595 2569 1668 2598 arx,
1699 2561 1772 2591 add.

1160 2616 1264 2645 marg.
1295 2607 1352 2644 C.;
1376 2615 1485 2636 arcem
1503 2616 1602 2644 quam
1628 2607 1774 2637 aedifica-

1161 2656 1253 2683 verat
1269 2655 1302 2683 et
1319 2661 1435 2682 nomen
1448 2662 1545 2682 suum
1558 2653 1774 2690 imposuerat,

1161 2702 1261 2738 atque
1278 2699 1311 2728 in
1329 2698 1474 2737 regione,
1490 2698 1535 2729 D.
1551 2709 1559 2735 ;
1576 2708 1675 2736 quain
1694 2699 1774 2729 aedi-

1162 2746 1330 2783 ficaverat,
1353 2747 1383 2774 et
1408 2754 1523 2774 nomen
1548 2754 1645 2774 suum
1670 2746 1775 2784 impo-

1161 2795 1285 2828 suerat,
1303 2790 1335 2820 id
1354 2794 1415 2828 cst,
1433 2790 1701 2830 Dinguortigirn,
1720 2792 1764 2822 K.
