1997 3220
592 335 807 365 xl'c'l‘oRE
840 334 1035 363 NENNw.
1415 324 1443 363 9

180 440 361 492 sagitta=
384 440 546 480 occidit
571 448 744 493 patrem
768 453 915 487 snum,
934 453 1024 479 non
1045 439 1099 478 dc
1120 439 1343 479 industria
1365 439 1441 479 scd

180 519 304 546 casn.
380 506 436 546 Et
469 507 688 559 expulsus
723 507 779 546 ab
817 506 968 553 Italia,
1002 511 1047 545 et
1072 504 1306 545 Arminilis
1344 506 1442 553 suit,

181 578 226 613 et
248 573 370 612 venit
394 573 448 612 ad
472 573 643 613 insulas
670 573 812 613 Maris
836 571 1047 625 Tyrreni,
1070 577 1114 611 ct
1137 571 1356 624 expulsus
1376 578 1442 611 cst

181 651 209 678 a
231 637 407 678 Graecis
447 652 585 679 causa
625 639 866 680 occisionis
901 638 1062 687 Turni,
1099 650 1233 690 quem
1272 637 1444 676 [Encas

143 716 161 742 5
181 704 424 753 occiderat,
447 711 490 745 et
515 706 721 758 pervenit
743 705 799 745 ad
823 704 985 745 Gallos
1007 717 1166 756 usque,
1187 709 1230 743 et
1254 703 1315 743 ibi
1336 716 1442 743 con-

180 770 294 811 didit
335 771 564 811 civitatem
606 771 859 819 Turonum,
893 784 994 823 quae
1035 775 1226 810 vocatur
1259 769 1443 809 Turnis.

182 836 242 877 Et
273 843 432 890 postea
464 837 521 877 ad
553 838 686 877 istam
720 837 927 890 pervenit
958 836 1170 885 insulam,
1192 849 1294 889 quae
1317 848 1343 876 a
1364 849 1444 876 no-

180 903 300 943 mine
331 916 414 944 suo
450 904 623 957 accepit
658 917 837 952 nomen,
869 903 912 942 id
946 908 1031 952 est,
1054 902 1380 951 Brittanniam,
1401 908 1445 942 et

180 969 385 1022 implevit
417 983 516 1010 eam
553 983 653 1010 cum
695 983 778 1010 suo
815 982 995 1022 genere,
1027 975 1073 1009 et
1108 968 1333 1009 habitavit
1369 969 1443 1008 ibi.

123 1050 162 1078 ιο
183 1034 256 1076 Ab
288 1036 366 1076 illo
400 1042 552 1077 autem
583 1037 654 1077 die
688 1037 895 1077 habitata
927 1041 996 1076 est
1017 1035 1281 1076 Brittannia
1301 1048 1446 1088 usque

181 1102 228 1142 in
248 1102 514 1143 hodiernum
536 1103 669 1143 diem.

250 1168 272 1222 ς
294 1169 363 1209 11.
398 1169 570 1210 ΛΕιιρᾶε
591 1175 743 1210 autem
766 1169 975 1221 regnavit
997 1168 1142 1208 tribus
1170 1167 1302 1207 annis
1324 1165 1444 1219 apud

184 1233 374 1275 Latinos
391 1248 400 1285 ;
425 1234 653 1275 Ascanius
676 1235 885 1286 regnavit
902 1235 1034 1274 annis
1048 1234 1238 1286 triginta
1257 1238 1446 1285 septem,

182 1306 286 1353 post
316 1314 450 1354 quem
483 1301 667 1350 Silvius,
700 1301 861 1341 AEneae
899 1300 1034 1349 filius,
1067 1299 1276 1352 regnavit
1316 1299 1448 1339 annis

122 1381 160 1409 15
181 1365 444 1417 duodecim3
480 1367 776 1409 Posthumius
810 1367 942 1407 annis
978 1367 1170 1418 triginta
1205 1378 1385 1414 novem,
1422 1378 1449 1405 a

181 1446 272 1486 quo
295 1432 581 1475 Albanorum
604 1447 733 1487 reges
755 1433 886 1474 Silvii
917 1433 1138 1486 appellati
1169 1438 1291 1481 sunt,
1315 1431 1446 1485 cujus

181 1499 323 1540 frater
353 1505 452 1541 erat
490 1500 650 1542 Bruto.
724 1499 922 1550 Quando
962 1499 1185 1551 regnabat
1218 1498 1364 1538 Bruto
1402 1498 1447 1537 in

184 1565 462 1616 Brittannia,
492 1566 601 1607 Heli
632 1565 845 1607 sacerdos
872 1565 1111 1619 judicabat
1138 1564 1185 1604 in
1209 1563 1370 1612 Israel,
1402 1569 1448 1604 et

182 1636 306 1673 tunc·
332 1633 471 1674 archa
513 1632 797 1674 Testamenti
839 1632 896 1672 ab
935 1631 1203 1683 alienigenis
1242 1629 1446 1683 posside—

120 1710 162 1738 20
181 1698 330 1739 batur.
397 1698 695 1740 Posthumius
712 1711 820 1738 vero
838 1697 978 1738 frater
993 1697 1092 1751 ejus
1111 1695 1232 1750 apud
1255 1696 1446 1737 Latinos

179 1766 416 1817 regnabat.

249 1831 356 1885 §12
381 1832 497 1873 Post
511 1832 803 1873 intervallum
827 1831 1073 1872 multorum
1091 1842 1330 1878 annorum,
1355 1842 1446 1868 non

181 1898 331 1938 minus
353 1899 737 1951 octingentorum,
754 1897 874 1938 Picti
887 1903 1110 1938 venerunt
1127 1902 1172 1937 et
1194 1908 1446 1948 occupave-

182 1970 289 2005 runt
308 1965 497 2013 insulas,
520 1977 622 2017 quae
645 1970 870 2005 vocantur
893 1963 1111 2011 Orcades,
1133 1968 1176 2003 et
1208 1966 1370 2015 postea
1389 1974 1447 2001 ex

121 2040 162 2067 25
181 2030 344 2073 insulis
365 2036 665 2071 vastaverunt
686 2030 894 2082 regiones
922 2029 1106 2078 multas,
1128 2034 1173 2069 et
1193 2040 1447 2080 occupave-

230 2198 243 2218 2
259 2199 460 2240 Arminius]
480 2200 519 2230 In
536 2199 590 2230 the
609 2199 715 2230 MSS.
732 2199 798 2229 this
879 2196 905 2216 ²²
929 2198 1038 2238 Post]
1069 2198 1150 2228 This
1175 2199 1203 2229 is
1226 2197 1390 2237 preceded
1415 2199 1447 2228 in

182 2247 274 2278 word
292 2247 320 2277 is
336 2247 504 2285 variously
522 2247 672 2277 written:
689 2246 799 2276 Armi·
834 2246 863 2276 Ι.
881 2245 925 2284 by
941 2245 995 2275 the
1013 2245 1097 2283 title,
1114 2245 1188 2281 fDe
1213 2245 1333 2284 peritia
1357 2245 1447 2274 Scot-

183 2294 238 2333 lis,
253 2293 418 2332 Armillis,
442 2293 652 2330 Arimmillis,
677 2293 799 2322 Arimi·
833 2295 952 2330 torum,
986 2301 1052 2330 quo
1088 2295 1233 2331 tempore
1271 2294 1448 2321 tenuerunt

184 2340 273 2379 nilis,
283 2340 457 2378 Ariminis,
470 2339 653 2370 Arimimis.
699 2339 738 2369 In
753 2339 798 2370 K.
835 2338 1056 2369 Hiberniam)

183 2397 226 2418 an
242 2386 434 2417 interlinear
449 2386 538 2425 gloss
563 2389 666 2417 states
687 2385 759 2416 that
775 2386 801 2415 it
880 2382 906 2402 ²²
945 2384 1181 2424 Intervallum]
1231 2383 1445 2414 Intervallum

185 2434 214 2464 is
230 2435 367 2463 ‘nomen
384 2432 472 2464 loci!
834 2440 911 2461 vero
936 2433 977 2461 80
1002 2440 1174 2469 annorum,
1201 2430 1338 2469 contigit
1370 2440 1447 2467 gen-

231 2477 244 2497 ⁶
277 2479 423 2518 Tarnis]
470 2478 633 2514 Turonis;
679 2478 801 2508 invasit
832 2480 897 2507 tem
923 2477 1094 2507 Pictorum
1121 2477 1163 2507 de
1190 2476 1327 2515 Scythia
1352 2486 1447 2506 ocea-

184 2529 327 2556 tractum
345 2525 609 2562 Armoricanum,
625 2523 666 2554 de
691 2527 798 2554 tractu
832 2533 910 2553 num
928 2523 1380 2562 ingressum‚circumagente
1391 2523 1447 2552 fla-

184 2576 295 2602 autem
309 2571 525 2602 Armoricano
541 2570 606 2600 huc
619 2570 800 2600 adveniens
833 2573 881 2607 tn,
899 2569 952 2610 (as
968 2569 1002 2598 in
1020 2569 1125 2608 Beda,
1142 2569 1158 2609 ξ
1175 2567 1222 2609 7).
1273 2568 1321 2599 H.
1339 2568 1446 2600 Hunt.

185 2618 350 2649 australes
376 2618 439 2648 sibi
465 2620 576 2656 partes
607 2616 726 2646 insulae
752 2616 800 2645 in·
834 2615 951 2653 s.171,
968 2615 1000 2645 b.

185 2665 293 2704 gentis
318 2664 510 2701 vindicavit,
535 2666 567 2693 et
596 2672 638 2693 ex
670 2663 798 2692 nomine
878 2659 905 2681 2³
924 2656 1220 2704 Octingentorum]
1246 2662 1322 2699 900,
1342 2660 1385 2692 D.
1405 2661 1445 2692 E.

185 2720 246 2742 suo
258 2710 464 2742 Britanniam
481 2709 622 2740 vocavit.
673 2709 799 2739 Dicunt
837 2708 880 2738 G.
900 2707 947 2738 11.
967 2708 995 2738 Ι.
1015 2707 1058 2738 Κ.
1077 2707 1104 2738 L
1121 2707 1204 2738 2.P.
1217 2707 1258 2737 R.

185 2761 295 2788 autem
312 2757 360 2788 illi
377 2761 529 2788 auctores
545 2755 646 2795 qnod,
666 2755 798 2794 qnando
879 2752 905 2772 Ἡ
923 2754 977 2784 Ex
991 2750 1134 2797 insulis]
1152 2754 1277 2784 Insulis
1288 2753 1448 2791 finitimis,

187 2804 291 2834 Bruto
308 2804 479 2843 regnabat.
506 2803 551 2833 H.
566 2801 798 2841 Humingdon‚
835 2801 880 2832 H.
903 2801 930 2832 Ι.
950 2801 994 2832 Κ.
1014 2800 1055 2831 Ρ.

187 2850 209 2881 f.
228 2853 302 2890 1⁷1,
319 2851 350 2881 b.

1467 1835 1548 1865 Picts,
