1997 3220
757 284 1018 314 Avi‘usoix.
1453 280 1510 319 «57

313 386 524 427 XXXI.
563 387 630 427 De
651 399 798 435 servo,
819 387 895 440 qui
930 400 1031 427 eum
1067 388 1122 428 ad
1154 390 1397 442 hospitium
1433 392 1502 432 in—

243 451 420 502 vitavit‚
438 461 482 495 et
499 453 553 493 de
568 453 712 493 vitulo
736 460 866 494 nocte
883 455 1048 503 occiso,
1065 462 1195 495 cocto
1216 463 1259 496 et
1283 464 1499 507 comesm,

239 524 283 558 et
317 531 448 560 mane
480 533 630 561 coram
664 527 806 560 matre
845 520 964 568 vivo,
997 534 1110 561 sano
1143 528 1188 562 et
1219 522 1398 574 integro
1430 525 1498 564 in-

240 591 393 625 vento.

200 659 219 686 5
308 650 549 691 XXXII.
585 651 654 691 De
677 651 871 704 quodam
896 653 991 692 viro
1020 653 1076 692 ab
1099 667 1151 693 eo
1175 654 1421 706 baptizato,
1454 661 1499 695 et

230 715 370 769 juxta
392 717 491 770 ejus
514 718 778 757 vaticinium
800 731 906 758 mox
930 719 1160 768 defuncto,
1183 726 1225 760 et
1252 721 1308 760 ab
1331 721 1496 773 angelo

238 782 325 823 Dei
346 790 573 835 suscepto.

295 848 564 890 XXXIII.
590 848 799 898 Qualiter
818 849 1009 903 hospitis
1031 851 1101 890 sui
1117 850 1233 891 lilios
1254 851 1309 891 de
1329 852 1497 905 oppido

233 914 362 955 educi
395 916 628 969 pra-cepit,
664 921 709 955 et
743 922 875 956 nocte
916 917 1016 969 ipsa
1059 930 1207 957 arcem
1243 930 1344 958 cum
1389 932 1496 971 rege

174 995 215 1023 10
233 980 353 1034 iguis
376 982 430 1022 de
451 982 569 1023 coelo
593 981 797 1021 funditus
819 983 1083 1022 consumsit.

302 1047 563 1088 XXXIV.
598 1047 839 1098 Quomodo
861 1049 930 1088 vir
953 1049 1043 1097 ille,
1061 1049 1138 1102 qui
1159 1054 1367 1090 sanctum
1390 1050 1494 1091 hos-

233 1113 347 1166 pitio
371 1115 556 1167 recepit,
588 1114 792 1163 credidit,
815 1120 861 1154 et
879 1115 1138 1167 baptizatus
1168 1114 1268 1164 suit,
1291 1120 1336 1156 et
1350 1116 1491 1170 Juxta

231 1180 419 1220 verbum
456 1181 554 1233 ejus
589 1180 643 1220 de
677 1193 808 1220 servo
843 1194 924 1220 rex
964 1180 1110 1221 factus
1153 1187 1223 1221 est
1258 1181 1313 1222 de
1352 1195 1492 1235 regno

232 1243 533 1295 Powisorum,
555 1251 599 1286 et
623 1259 779 1286 omnes
802 1246 882 1286 filii
903 1246 942 1299 ej
952 1259 1002 1286 us
1024 1252 1129 1299 post
1151 1259 1268 1286 eum.

170 1322 209 1350 15
298 1311 530 1352 XXXV.
565 1311 775 1361 Qualiter
810 1311 1022 1352 Britones
1053 1324 1259 1352 annonas
1293 1311 1490 1353 Saxoni-

228 1377 313 1417 bus
329 1378 649 1430 promiserunt,
672 1382 725 1418 ut
743 1390 825 1430 pro
855 1377 920 1418 eis
948 1378 1167 1418 adversus
1187 1378 1357 1428 hostes,
1378 1378 1489 1434 (sci-

228 1442 333 1484 licet
363 1443 519 1485 Pictos
554 1449 600 1484 et
631 1442 854 1497 Scottos,)
890 1444 1172 1494 dimicarent,
1212 1444 1291 1484 sed
1327 1450 1489 1497 postea

228 1507 374 1550 facere
397 1511 655 1551 noluerunt.

295 1575 555 1617 XXXVI.
604 1574 814 1626 Qualiter
862 1589 944 1616 rex
983 1575 1288 1628 vortigernus
1343 1576 1485 1618 Rom-

165 1654 206 1682 20
226 1654 433 1682 wennam
465 1642 605 1682 filiam
642 1641 861 1694 Hengisti
895 1642 1177 1682 adamaverit
1209 1647 1254 1682 et
1285 1642 1484 1693 duxerit,

223 1712 270 1747 et
293 1707 505 1748 Cantiam
527 1708 612 1748 sibi
634 1708 681 1747 in
702 1707 854 1748 dotem
871 1707 1060 1748 dederit.

291 1772 581 1815 XXXVII.
616 1772 827 1824 Qualiter
856 1773 1112 1826 Hengistus
1148 1772 1313 1814 Oetam
1341 1774 1482 1816 filium

220 1851 368 1889 suum,
390 1845 435 1880 et
452 1840 662 1880 Ebissam
682 1839 824 1879 filium
847 1839 971 1880 Hors
993 1839 1145 1880 fratris
1165 1840 1250 1888 sui,
1272 1840 1329 1880 ad
1352 1842 1481 1894 aqui-

219 1905 392 1946 lonales
411 1911 565 1958 partes
590 1906 843 1946 Britanniae
876 1906 1104 1954 invitavit,
1129 1910 1173 1946 et
1195 1918 1330 1958 quam
1362 1908 1480 1947 sedi-

159 1983 200 2011 25
220 1970 335 2012 tiose
365 1985 477 2024 gens
497 1972 732 2013 Saxonum
760 1985 840 2024 per
862 1971 1143 2023 Hengistum
1171 1977 1332 2024 postea
1363 1973 1479 2014 clam

219 2042 265 2078 et
285 2050 529 2091 parumper
548 2038 739 2079 venerit.

287 2103 606 2145 XXXVIII.
639 2102 880 2155 Quomodo
909 2116 989 2143 rex
1012 2102 1317 2155 Vol-tigernus
1340 2104 1478 2145 filiam

217 2182 347 2210 suam
386 2171 616 2223 propriam
648 2169 917 2219 violaverit3
966 2174 1010 2209 et
1042 2169 1097 2209 de
1133 2182 1187 2209 ea
1222 2170 1364 2209 filium
1399 2184 1478 2222 ge—

217 2236 383 2285 nuerit,
404 2241 449 2277 et
480 2236 650 2276 crimen
680 2237 728 2276 in
756 2236 1018 2288 episcopum
1042 2240 1304 2288 retorquere
1322 2236 1476 2276 volue-

156 2310 198 2340 3ο
217 2301 303 2352 rit3
342 2307 388 2343 et
420 2302 591 2343 Sancto
625 2301 857 2342 Germano
890 2301 1159 2354 imperante,
1200 2301 1247 2341 in
1283 2302 1476 2342 concilio

216 2379 367 2408 coram
400 2368 609 2409 omnibus
642 2369 697 2408 ab
727 2367 902 2407 infante
924 2367 1153 2420 proditum
1176 2367 1324 2408 scelus
1353 2368 1475 2408 illius

214 2433 290 2482 sit,
327 2438 373 2473 et
407 2435 471 2474 sie
509 2447 536 2474 a
567 2435 701 2474 beato
735 2433 967 2474 Germano
1007 2438 1052 2473 et
1085 2433 1208 2474 omni
1246 2439 1476 2474 conventu

214 2498 458 2539 damnatus
480 2500 553 2540 sit.

281 2564 551 2606 XXXIX.
586 2564 735 2616 Quale
753 2563 992 2605 consilium
1011 2564 1223 2605 Britones
1246 2564 1342 2616 regi
1355 2564 1476 2606 Vor-

151 2645 192 2675 35
211 2630 390 2683 tigerno
413 2631 632 2672 dederint.

654 2772 678 2790 ¹⁴
695 2773 807 2814 Filia]
833 2773 948 2814 Filios,
966 2773 1043 2805 MS.

1252 2838 1271 2865 2
1290 2844 1305 2865 F
1321 2837 1341 2865 2
