<?xml version="1.0" encoding="UTF-8"?>
<!DOCTYPE html PUBLIC "-//W3C//DTD XHTML 1.0 Transitional//EN"
    "http://www.w3.org/TR/xhtml1/DTD/xhtml1-transitional.dtd">
<html xmlns="http://www.w3.org/1999/xhtml" xml:lang="en" lang="en">
 <head>
  <title>
</title>
<meta http-equiv="Content-Type" content="text/html;charset=utf-8" />
  <meta name='ocr-system' content='tesseract 3.04.00' />
  <meta name='ocr-capabilities' content='ocr_page ocr_carea ocr_par ocr_line ocrx_word'/>
</head>
<body>
  <div class='ocr_page' id='page_1' title='image "./nenniihistoriabr00nennuoft_0060.png"; bbox 0 0 2096 3246; ppageno 0'>
   <div class='ocr_carea' id='block_1_1' title="bbox 505 308 560 348">
    <p class='ocr_par' dir='ltr' id='par_1_1' title="bbox 505 308 560 348">
     <span class='ocr_line' id='line_1_1' title="bbox 505 308 560 348; baseline 0 0"><span class='ocrx_word' id='word_1_1' title='bbox 505 308 560 348; x_wconf 81' lang='lat'>14</span> 
     </span>
    </p>
   </div>
   <div class='ocr_carea' id='block_1_2' title="bbox 870 318 1398 357">
    <p class='ocr_par' dir='ltr' id='par_1_2' title="bbox 870 318 1398 357">
     <span class='ocr_line' id='line_1_2' title="bbox 870 318 1398 357; baseline 0.002 -10"><span class='ocrx_word' id='word_1_2' title='bbox 870 318 1093 347; x_wconf 65' lang='lat' dir='ltr'>HISTORIA</span> <span class='ocrx_word' id='word_1_3' title='bbox 1131 318 1305 348; x_wconf 83' lang='lat' dir='ltr'>BRITON</span> <span class='ocrx_word' id='word_1_4' title='bbox 1315 320 1340 350; x_wconf 89' lang='lat' dir='ltr'>U</span> <span class='ocrx_word' id='word_1_5' title='bbox 1350 320 1398 357; x_wconf 78' lang='lat' dir='ltr'>M,</span> 
     </span>
    </p>
   </div>
   <div class='ocr_carea' id='block_1_3' title="bbox 500 423 1770 876">
    <p class='ocr_par' dir='ltr' id='par_1_3' title="bbox 500 423 1770 731">
     <span class='ocr_line' id='line_1_3' title="bbox 503 423 1768 479; baseline 0.002 -15"><span class='ocrx_word' id='word_1_6' title='bbox 503 423 582 476; x_wconf 90' lang='lat' dir='ltr'>qui</span> <span class='ocrx_word' id='word_1_7' title='bbox 603 428 710 465; x_wconf 89' lang='lat' dir='ltr'>sunt</span> <span class='ocrx_word' id='word_1_8' title='bbox 741 423 788 464; x_wconf 92' lang='lat' dir='ltr'>in</span> <span class='ocrx_word' id='word_1_9' title='bbox 821 424 1070 474; x_wconf 88' lang='lat' dir='ltr'>occidente,</span> <span class='ocrx_word' id='word_1_10' title='bbox 1095 429 1140 465; x_wconf 88' lang='lat' dir='ltr'>et</span> <span class='ocrx_word' id='word_1_11' title='bbox 1163 424 1283 465; x_wconf 90' lang='lat' dir='ltr'>Picti</span> <span class='ocrx_word' id='word_1_12' title='bbox 1316 425 1371 465; x_wconf 92' lang='lat' dir='ltr'>de</span> <span class='ocrx_word' id='word_1_13' title='bbox 1401 425 1629 477; x_wconf 87' lang='lat' dir='ltr'>aquilone,</span> <span class='ocrx_word' id='word_1_14' title='bbox 1652 439 1768 479; x_wconf 89' lang='lat' dir='ltr'>pug-</span> 
     </span>
     <span class='ocr_line' id='line_1_4' title="bbox 502 490 1770 543; baseline 0.002 -13"><span class='ocrx_word' id='word_1_15' title='bbox 502 490 676 531; x_wconf 89' lang='lat' dir='ltr'>nabant</span> <span class='ocrx_word' id='word_1_16' title='bbox 696 490 973 531; x_wconf 88' lang='lat' dir='ltr'>unanimiter</span> <span class='ocrx_word' id='word_1_17' title='bbox 993 495 1039 531; x_wconf 88' lang='lat' dir='ltr'>et</span> <span class='ocrx_word' id='word_1_18' title='bbox 1059 504 1150 531; x_wconf 93' lang='lat' dir='ltr'>uno</span> <span class='ocrx_word' id='word_1_19' title='bbox 1165 491 1338 543; x_wconf 89' lang='lat' dir='ltr'>impetu</span> <span class='ocrx_word' id='word_1_20' title='bbox 1359 496 1521 531; x_wconf 89' lang='lat' dir='ltr'>contra</span> <span class='ocrx_word' id='word_1_21' title='bbox 1535 492 1770 534; x_wconf 81' lang='lat' dir='ltr'>Brittones</span> 
     </span>
     <span class='ocr_line' id='line_1_5' title="bbox 500 556 1768 609; baseline 0.003 -13"><span class='ocrx_word' id='word_1_22' title='bbox 500 556 810 598; x_wconf 89' lang='lat' dir='ltr'>indesinenter</span> <span class='ocrx_word' id='word_1_23' title='bbox 825 571 835 608; x_wconf 80' lang='lat'><em>3</em></span> <span class='ocrx_word' id='word_1_24' title='bbox 869 558 976 609; x_wconf 90' lang='lat' dir='ltr'>quia</span> <span class='ocrx_word' id='word_1_25' title='bbox 991 557 1088 597; x_wconf 87' lang='lat' dir='ltr'>sine</span> <span class='ocrx_word' id='word_1_26' title='bbox 1105 557 1242 598; x_wconf 88' lang='lat' dir='ltr'>armis</span> <span class='ocrx_word' id='word_1_27' title='bbox 1259 557 1505 598; x_wconf 87' lang='lat' dir='ltr'>utebantur</span> <span class='ocrx_word' id='word_1_28' title='bbox 1518 558 1768 600; x_wconf 81' lang='lat' dir='ltr'>Brittones,</span> 
     </span>
     <span class='ocr_line' id='line_1_6' title="bbox 502 622 1769 677; baseline 0.003 -14"><span class='ocrx_word' id='word_1_29' title='bbox 502 622 563 664; x_wconf 92' lang='lat' dir='ltr'>Et</span> <span class='ocrx_word' id='word_1_30' title='bbox 601 629 706 676; x_wconf 86' lang='lat' dir='ltr'>post</span> <span class='ocrx_word' id='word_1_31' title='bbox 744 623 937 664; x_wconf 88' lang='lat' dir='ltr'>multum</span> <span class='ocrx_word' id='word_1_32' title='bbox 978 623 1270 664; x_wconf 86' lang='lat' dir='ltr'>intervallum</span> <span class='ocrx_word' id='word_1_33' title='bbox 1309 625 1526 677; x_wconf 86' lang='lat' dir='ltr'>temporis</span> <span class='ocrx_word' id='word_1_34' title='bbox 1569 624 1769 667; x_wconf 87' lang='lat' dir='ltr'>Romani</span> 
     </span>
     <span class='ocr_line' id='line_1_7' title="bbox 500 690 1481 731; baseline 0.001 -1"><span class='ocrx_word' id='word_1_35' title='bbox 500 690 811 730; x_wconf 81' lang='lat' dir='ltr'>monarchiam</span> <span class='ocrx_word' id='word_1_36' title='bbox 831 690 972 730; x_wconf 89' lang='lat' dir='ltr'>totius</span> <span class='ocrx_word' id='word_1_37' title='bbox 994 690 1150 730; x_wconf 90' lang='lat' dir='ltr'>mundi</span> <span class='ocrx_word' id='word_1_38' title='bbox 1171 690 1481 731; x_wconf 86' lang='lat' dir='ltr'>obtinuerunt.</span> 
     </span>
    </p>

    <p class='ocr_par' dir='ltr' id='par_1_4' title="bbox 501 755 1768 876">
     <span class='ocr_line' id='line_1_8' title="bbox 570 755 1767 809; baseline 0.003 -13"><span class='ocrx_word' id='word_1_39' title='bbox 570 756 592 809; x_wconf 53' lang='grc' dir='ltr'>ᾗ</span> <span class='ocrx_word' id='word_1_40' title='bbox 615 756 685 797; x_wconf 86' lang='grc'>16.</span> <span class='ocrx_word' id='word_1_41' title='bbox 720 755 762 797; x_wconf 89' lang='grc' dir='ltr'><strong>Λ</strong></span> <span class='ocrx_word' id='word_1_42' title='bbox 792 756 938 809; x_wconf 89' lang='lat' dir='ltr'>primo</span> <span class='ocrx_word' id='word_1_43' title='bbox 973 768 1094 796; x_wconf 90' lang='lat' dir='ltr'>anno</span> <span class='ocrx_word' id='word_1_44' title='bbox 1129 769 1218 808; x_wconf 93' lang='lat' dir='ltr'>quo</span> <span class='ocrx_word' id='word_1_45' title='bbox 1244 756 1452 797; x_wconf 83' lang='lat' dir='ltr'>Saxones</span> <span class='ocrx_word' id='word_1_46' title='bbox 1474 763 1699 799; x_wconf 87' lang='lat' dir='ltr'>venerunt</span> <span class='ocrx_word' id='word_1_47' title='bbox 1720 759 1767 799; x_wconf 93' lang='lat' dir='ltr'>in</span> 
     </span>
     <span class='ocr_line' id='line_1_9' title="bbox 501 821 1768 876; baseline 0.002 -14"><span class='ocrx_word' id='word_1_48' title='bbox 501 821 812 863; x_wconf 78' lang='lat' dir='ltr'>Brittanniam</span> <span class='ocrx_word' id='word_1_49' title='bbox 837 835 981 875; x_wconf 89' lang='lat' dir='ltr'>usque</span> <span class='ocrx_word' id='word_1_50' title='bbox 1015 823 1072 863; x_wconf 89' lang='lat' dir='ltr'>ad</span> <span class='ocrx_word' id='word_1_51' title='bbox 1106 835 1275 863; x_wconf 87' lang='lat' dir='ltr'>annum</span> <span class='ocrx_word' id='word_1_52' title='bbox 1312 828 1526 876; x_wconf 88' lang='lat' dir='ltr'>quartum</span> <span class='ocrx_word' id='word_1_53' title='bbox 1553 823 1768 865; x_wconf 88' lang='lat' dir='ltr'>Mermini</span> 
     </span>
    </p>
   </div>
   <div class='ocr_carea' id='block_1_4' title="bbox 499 889 1131 995">
    <p class='ocr_par' dir='ltr' id='par_1_5' title="bbox 499 889 1131 995">
     <span class='ocr_line' id='line_1_10' title="bbox 500 889 1131 942; baseline 0.003 -15"><span class='ocrx_word' id='word_1_54' title='bbox 500 889 620 940; x_wconf 87' lang='lat' dir='ltr'>regis</span> <span class='ocrx_word' id='word_1_55' title='bbox 669 894 980 942; x_wconf 87' lang='lat' dir='ltr'>supputantur</span> <span class='ocrx_word' id='word_1_56' title='bbox 1022 889 1131 929; x_wconf 89' lang='lat' dir='ltr'>anni</span> 
     </span>
     <span class='ocr_line' id='line_1_11' title="bbox 499 967 678 995; baseline 0.011 -2"><span class='ocrx_word' id='word_1_57' title='bbox 499 967 678 995; x_wconf 89' lang='lat' dir='ltr'>novem.</span> 
     </span>
    </p>
   </div>
   <div class='ocr_carea' id='block_1_5' title="bbox 1169 889 1767 943">
    <p class='ocr_par' dir='ltr' id='par_1_6' title="bbox 1169 889 1767 943">
     <span class='ocr_line' id='line_1_12' title="bbox 1169 889 1767 943; baseline 0.005 -14"><span class='ocrx_word' id='word_1_58' title='bbox 1169 889 1494 942; x_wconf 81' lang='lat' dir='ltr'>quadringenti</span> <span class='ocrx_word' id='word_1_59' title='bbox 1526 891 1690 943; x_wconf 86' lang='lat' dir='ltr'>viginti</span> <span class='ocrx_word' id='word_1_60' title='bbox 1722 896 1767 932; x_wconf 88' lang='lat' dir='ltr'>et</span> 
     </span>
    </p>
   </div>
   <div class='ocr_carea' id='block_1_6' title="bbox 749 953 1766 1009">
    <p class='ocr_par' dir='ltr' id='par_1_7' title="bbox 749 953 1766 1009">
     <span class='ocr_line' id='line_1_13' title="bbox 749 953 1766 1009; baseline 0.004 -15"><span class='ocrx_word' id='word_1_61' title='bbox 749 953 793 995; x_wconf 89' lang='lat' dir='ltr'>A</span> <span class='ocrx_word' id='word_1_62' title='bbox 825 955 1067 996; x_wconf 84' lang='lat' dir='ltr'>nativitate</span> <span class='ocrx_word' id='word_1_63' title='bbox 1101 955 1288 996; x_wconf 90' lang='lat' dir='ltr'>Domini</span> <span class='ocrx_word' id='word_1_64' title='bbox 1326 969 1470 1009; x_wconf 91' lang='lat' dir='ltr'>usque</span> <span class='ocrx_word' id='word_1_65' title='bbox 1504 957 1562 997; x_wconf 91' lang='lat' dir='ltr'>ad</span> <span class='ocrx_word' id='word_1_66' title='bbox 1596 957 1766 998; x_wconf 87' lang='lat' dir='ltr'>adven-</span> 
     </span>
    </p>
   </div>
   <div class='ocr_carea' id='block_1_7' title="bbox 498 1020 1827 1077">
    <p class='ocr_par' dir='ltr' id='par_1_8' title="bbox 498 1020 1827 1077">
     <span class='ocr_line' id='line_1_14' title="bbox 498 1020 1827 1077; baseline 0.005 -18"><span class='ocrx_word' id='word_1_67' title='bbox 498 1024 596 1060; x_wconf 91' lang='lat' dir='ltr'>tum</span> <span class='ocrx_word' id='word_1_68' title='bbox 636 1020 828 1060; x_wconf 83' lang='lat' dir='ltr'>Patricii</span> <span class='ocrx_word' id='word_1_69' title='bbox 870 1021 927 1060; x_wconf 92' lang='lat' dir='ltr'>ad</span> <span class='ocrx_word' id='word_1_70' title='bbox 974 1020 1157 1061; x_wconf 89' lang='lat' dir='ltr'>Scottos</span> <span class='ocrx_word' id='word_1_71' title='bbox 1197 1021 1521 1074; x_wconf 84' lang='lat' dir='ltr'>quadringenti</span> <span class='ocrx_word' id='word_1_72' title='bbox 1567 1024 1767 1077; x_wconf 92' lang='lat' dir='ltr'>quinque</span> <span class='ocrx_word' id='word_1_73' title='bbox 1787 1037 1827 1065; x_wconf 85' lang='grc' dir='ltr'>ιο</span> 
     </span>
    </p>
   </div>
   <div class='ocr_carea' id='block_1_8' title="bbox 498 1086 769 1127">
    <p class='ocr_par' dir='ltr' id='par_1_9' title="bbox 498 1086 769 1127">
     <span class='ocr_line' id='line_1_15' title="bbox 498 1086 769 1127; baseline 0 -1"><span class='ocrx_word' id='word_1_74' title='bbox 498 1086 608 1126; x_wconf 89' lang='lat' dir='ltr'>anni</span> <span class='ocrx_word' id='word_1_75' title='bbox 646 1091 769 1127; x_wconf 89' lang='lat' dir='ltr'>sunt.</span> 
     </span>
    </p>
   </div>
   <div class='ocr_carea' id='block_1_9' title="bbox 497 1153 1357 1206">
    <p class='ocr_par' dir='ltr' id='par_1_10' title="bbox 497 1153 1357 1206">
     <span class='ocr_line' id='line_1_16' title="bbox 497 1153 1357 1206; baseline 0.001 -13"><span class='ocrx_word' id='word_1_76' title='bbox 497 1157 671 1193; x_wconf 84' lang='lat' dir='ltr'>sanctae</span> <span class='ocrx_word' id='word_1_77' title='bbox 704 1153 907 1206; x_wconf 86' lang='lat' dir='ltr'>Brigidae</span> <span class='ocrx_word' id='word_1_78' title='bbox 947 1153 1193 1205; x_wconf 80' lang='lat' dir='ltr'>sexaginta</span> <span class='ocrx_word' id='word_1_79' title='bbox 1233 1155 1357 1194; x_wconf 88' lang='lat' dir='ltr'>anni.</span> 
     </span>
    </p>
   </div>
   <div class='ocr_carea' id='block_1_10' title="bbox 840 1085 1768 1141">
    <p class='ocr_par' dir='ltr' id='par_1_11' title="bbox 840 1085 1768 1141">
     <span class='ocr_line' id='line_1_17' title="bbox 840 1085 1768 1141; baseline 0.004 -15"><span class='ocrx_word' id='word_1_80' title='bbox 840 1085 883 1126; x_wconf 92' lang='lat' dir='ltr'><strong>A</strong></span> <span class='ocrx_word' id='word_1_81' title='bbox 915 1091 1060 1127; x_wconf 86' lang='lat' dir='ltr'>morte</span> <span class='ocrx_word' id='word_1_82' title='bbox 1094 1086 1285 1127; x_wconf 87' lang='lat' dir='ltr'>Patricii</span> <span class='ocrx_word' id='word_1_83' title='bbox 1315 1100 1459 1141; x_wconf 91' lang='lat' dir='ltr'>usque</span> <span class='ocrx_word' id='word_1_84' title='bbox 1499 1089 1556 1129; x_wconf 91' lang='lat' dir='ltr'>ad</span> <span class='ocrx_word' id='word_1_85' title='bbox 1594 1090 1768 1130; x_wconf 84' lang='lat' dir='ltr'>obitum</span> 
     </span>
    </p>
   </div>
   <div class='ocr_carea' id='block_1_11' title="bbox 1442 1153 1769 1197">
    <p class='ocr_par' dir='ltr' id='par_1_12' title="bbox 1442 1153 1769 1197">
     <span class='ocr_line' id='line_1_18' title="bbox 1442 1153 1769 1197; baseline 0.006 -2"><span class='ocrx_word' id='word_1_86' title='bbox 1442 1153 1484 1195; x_wconf 90' lang='lat' dir='ltr'><strong>A</strong></span> <span class='ocrx_word' id='word_1_87' title='bbox 1526 1156 1769 1197; x_wconf 87' lang='lat' dir='ltr'>nativitate</span> 
     </span>
    </p>
   </div>
   <div class='ocr_carea' id='block_1_12' title="bbox 498 1219 1770 1275">
    <p class='ocr_par' dir='ltr' id='par_1_13' title="bbox 498 1219 1770 1275">
     <span class='ocr_line' id='line_1_19' title="bbox 498 1219 1770 1275; baseline 0.002 -15"><span class='ocrx_word' id='word_1_88' title='bbox 498 1219 732 1260; x_wconf 83' lang='lat' dir='ltr'>Columbae</span> <span class='ocrx_word' id='word_1_89' title='bbox 760 1232 905 1272; x_wconf 88' lang='lat' dir='ltr'>usque</span> <span class='ocrx_word' id='word_1_90' title='bbox 932 1225 1124 1261; x_wconf 91' lang='lat' dir='ltr'>mortem</span> <span class='ocrx_word' id='word_1_91' title='bbox 1143 1226 1317 1261; x_wconf 82' lang='lat' dir='ltr'>sanctae</span> <span class='ocrx_word' id='word_1_92' title='bbox 1340 1220 1543 1273; x_wconf 83' lang='lat' dir='ltr'>Brigidae</span> <span class='ocrx_word' id='word_1_93' title='bbox 1571 1226 1770 1275; x_wconf 88' lang='lat' dir='ltr'>quatuor</span> 
     </span>
    </p>
   </div>
   <div class='ocr_carea' id='block_1_13' title="bbox 496 1287 758 1327">
    <p class='ocr_par' dir='ltr' id='par_1_14' title="bbox 496 1287 758 1327">
     <span class='ocr_line' id='line_1_20' title="bbox 496 1287 758 1327; baseline 0 0"><span class='ocrx_word' id='word_1_94' title='bbox 496 1287 606 1327; x_wconf 88' lang='lat' dir='ltr'>anni</span> <span class='ocrx_word' id='word_1_95' title='bbox 635 1291 758 1327; x_wconf 89' lang='lat' dir='ltr'>sunt.</span> 
     </span>
    </p>
   </div>
   <div class='ocr_carea' id='block_1_14' title="bbox 830 1286 1767 1343">
    <p class='ocr_par' dir='ltr' id='par_1_15' title="bbox 830 1286 1767 1343">
     <span class='ocr_line' id='line_1_21' title="bbox 830 1286 1767 1343; baseline 0.003 -16"><span class='ocrx_word' id='word_1_96' title='bbox 830 1286 1020 1328; x_wconf 83' lang='lat' dir='ltr'>Initium</span> <span class='ocrx_word' id='word_1_97' title='bbox 1059 1288 1274 1340; x_wconf 88' lang='lat' dir='ltr'>compoti,</span> <span class='ocrx_word' id='word_1_98' title='bbox 1312 1287 1478 1341; x_wconf 88' lang='lat' dir='ltr'>viginti</span> <span class='ocrx_word' id='word_1_99' title='bbox 1518 1293 1611 1329; x_wconf 88' lang='lat' dir='ltr'>tres</span> <span class='ocrx_word' id='word_1_100' title='bbox 1650 1289 1767 1343; x_wconf 87' lang='lat' dir='ltr'>cycli</span> 
     </span>
    </p>
   </div>
   <div class='ocr_carea' id='block_1_15' title="bbox 495 1352 1824 1474">
    <p class='ocr_par' dir='ltr' id='par_1_16' title="bbox 495 1352 1824 1474">
     <span class='ocr_line' id='line_1_22' title="bbox 495 1352 1824 1408; baseline 0 -15"><span class='ocrx_word' id='word_1_101' title='bbox 495 1352 949 1403; x_wconf 86' lang='lat' dir='ltr'>decemnovennales,</span> <span class='ocrx_word' id='word_1_102' title='bbox 982 1354 1039 1394; x_wconf 90' lang='lat' dir='ltr'>ab</span> <span class='ocrx_word' id='word_1_103' title='bbox 1065 1354 1381 1395; x_wconf 87' lang='lat' dir='ltr'>incarnatione</span> <span class='ocrx_word' id='word_1_104' title='bbox 1403 1354 1591 1396; x_wconf 92' lang='lat' dir='ltr'>Domini</span> <span class='ocrx_word' id='word_1_105' title='bbox 1621 1368 1766 1408; x_wconf 89' lang='lat' dir='ltr'>usque</span> <span class='ocrx_word' id='word_1_106' title='bbox 1785 1365 1824 1394; x_wconf 87' lang='lat'>15</span> 
     </span>
     <span class='ocr_line' id='line_1_23' title="bbox 496 1419 1765 1474; baseline 0.003 -15"><span class='ocrx_word' id='word_1_107' title='bbox 496 1419 554 1459; x_wconf 88' lang='lat' dir='ltr'>ad</span> <span class='ocrx_word' id='word_1_108' title='bbox 576 1419 824 1460; x_wconf 87' lang='lat' dir='ltr'>adventum</span> <span class='ocrx_word' id='word_1_109' title='bbox 849 1419 1040 1460; x_wconf 89' lang='lat' dir='ltr'>Patricii</span> <span class='ocrx_word' id='word_1_110' title='bbox 1060 1420 1108 1460; x_wconf 91' lang='lat' dir='ltr'>in</span> <span class='ocrx_word' id='word_1_111' title='bbox 1133 1419 1420 1470; x_wconf 85' lang='lat' dir='ltr'>Hiberniam,</span> <span class='ocrx_word' id='word_1_112' title='bbox 1444 1426 1489 1462; x_wconf 89' lang='lat' dir='ltr'>et</span> <span class='ocrx_word' id='word_1_113' title='bbox 1508 1422 1597 1474; x_wconf 89' lang='lat' dir='ltr'>ipsi</span> <span class='ocrx_word' id='word_1_114' title='bbox 1619 1435 1765 1463; x_wconf 89' lang='lat' dir='ltr'>annos</span> 
     </span>
    </p>
   </div>
   <div class='ocr_carea' id='block_1_16' title="bbox 495 1484 1641 1539">
    <p class='ocr_par' dir='ltr' id='par_1_17' title="bbox 495 1484 1641 1539">
     <span class='ocr_line' id='line_1_24' title="bbox 495 1484 1641 1539; baseline 0.003 -14"><span class='ocrx_word' id='word_1_115' title='bbox 495 1484 697 1526; x_wconf 89' lang='lat' dir='ltr'>efficiunt</span> <span class='ocrx_word' id='word_1_116' title='bbox 716 1499 903 1526; x_wconf 89' lang='lat' dir='ltr'>numero</span> <span class='ocrx_word' id='word_1_117' title='bbox 923 1486 1283 1539; x_wconf 88' lang='lat' dir='ltr'>quadringentos</span> <span class='ocrx_word' id='word_1_118' title='bbox 1308 1487 1500 1539; x_wconf 85' lang='lat' dir='ltr'>triginta</span> <span class='ocrx_word' id='word_1_119' title='bbox 1522 1494 1641 1529; x_wconf 89' lang='lat' dir='ltr'>octo.</span> 
     </span>
    </p>
   </div>
   <div class='ocr_carea' id='block_1_17' title="bbox 1704 1489 1766 1530">
    <p class='ocr_par' dir='ltr' id='par_1_18' title="bbox 1704 1489 1766 1530">
     <span class='ocr_line' id='line_1_25' title="bbox 1704 1489 1766 1530; baseline 0.016 -1"><span class='ocrx_word' id='word_1_120' title='bbox 1704 1489 1766 1530; x_wconf 85' lang='lat' dir='ltr'>Et</span> 
     </span>
    </p>
   </div>
   <div class='ocr_carea' id='block_1_18' title="bbox 493 1551 1764 1674">
    <p class='ocr_par' dir='ltr' id='par_1_19' title="bbox 493 1551 1764 1674">
     <span class='ocr_line' id='line_1_26' title="bbox 495 1551 1764 1606; baseline 0.002 -14"><span class='ocrx_word' id='word_1_121' title='bbox 495 1552 552 1592; x_wconf 90' lang='lat' dir='ltr'>ab</span> <span class='ocrx_word' id='word_1_122' title='bbox 574 1552 776 1593; x_wconf 90' lang='lat' dir='ltr'>adventu</span> <span class='ocrx_word' id='word_1_123' title='bbox 798 1551 989 1593; x_wconf 88' lang='lat' dir='ltr'>Patricii</span> <span class='ocrx_word' id='word_1_124' title='bbox 1019 1552 1077 1593; x_wconf 89' lang='lat' dir='ltr'>ad</span> <span class='ocrx_word' id='word_1_125' title='bbox 1105 1553 1283 1606; x_wconf 84' lang='lat' dir='ltr'>cyclum</span> <span class='ocrx_word' id='word_1_126' title='bbox 1304 1552 1764 1596; x_wconf 86' lang='lat' dir='ltr'>decemnovennalem</span> 
     </span>
     <span class='ocr_line' id='line_1_27' title="bbox 493 1618 1762 1674; baseline 0.003 -16"><span class='ocrx_word' id='word_1_127' title='bbox 493 1618 540 1658; x_wconf 92' lang='lat' dir='ltr'>in</span> <span class='ocrx_word' id='word_1_128' title='bbox 565 1632 654 1671; x_wconf 92' lang='lat' dir='ltr'>quo</span> <span class='ocrx_word' id='word_1_129' title='bbox 675 1631 831 1659; x_wconf 90' lang='lat' dir='ltr'>sumus</span> <span class='ocrx_word' id='word_1_130' title='bbox 851 1619 1018 1671; x_wconf 83' lang='lat' dir='ltr'>viginti</span> <span class='ocrx_word' id='word_1_131' title='bbox 1047 1618 1137 1659; x_wconf 91' lang='lat' dir='ltr'>duo</span> <span class='ocrx_word' id='word_1_132' title='bbox 1163 1619 1279 1673; x_wconf 84' lang='lat' dir='ltr'>cycli</span> <span class='ocrx_word' id='word_1_133' title='bbox 1300 1624 1423 1669; x_wconf 88' lang='lat' dir='ltr'>sunt,</span> <span class='ocrx_word' id='word_1_134' title='bbox 1444 1620 1489 1660; x_wconf 91' lang='lat' dir='ltr'>id</span> <span class='ocrx_word' id='word_1_135' title='bbox 1509 1626 1595 1671; x_wconf 87' lang='lat' dir='ltr'>est,</span> <span class='ocrx_word' id='word_1_136' title='bbox 1618 1621 1762 1674; x_wconf 89' lang='lat' dir='ltr'>quad-</span> 
     </span>
    </p>
   </div>
   <div class='ocr_carea' id='block_1_19' title="bbox 492 1685 1826 1741">
    <p class='ocr_par' dir='ltr' id='par_1_20' title="bbox 492 1685 1826 1741">
     <span class='ocr_line' id='line_1_28' title="bbox 492 1685 1826 1741; baseline 0.003 -16"><span class='ocrx_word' id='word_1_137' title='bbox 492 1685 693 1737; x_wconf 89' lang='lat' dir='ltr'>ringenti</span> <span class='ocrx_word' id='word_1_138' title='bbox 723 1685 889 1738; x_wconf 88' lang='lat' dir='ltr'>viginti</span> <span class='ocrx_word' id='word_1_139' title='bbox 918 1698 1037 1725; x_wconf 90' lang='lat' dir='ltr'>unus</span> <span class='ocrx_word' id='word_1_140' title='bbox 1069 1690 1191 1735; x_wconf 88' lang='lat' dir='ltr'>sunt,</span> <span class='ocrx_word' id='word_1_141' title='bbox 1214 1686 1304 1726; x_wconf 92' lang='lat' dir='ltr'>duo</span> <span class='ocrx_word' id='word_1_142' title='bbox 1336 1687 1445 1727; x_wconf 87' lang='lat' dir='ltr'>anni</span> <span class='ocrx_word' id='word_1_143' title='bbox 1475 1687 1523 1728; x_wconf 91' lang='lat' dir='ltr'>in</span> <span class='ocrx_word' id='word_1_144' title='bbox 1555 1688 1762 1741; x_wconf 86' lang='lat' dir='ltr'>ogdoade</span> <span class='ocrx_word' id='word_1_145' title='bbox 1783 1700 1826 1729; x_wconf 83' lang='lat'>20</span> 
     </span>
    </p>
   </div>
   <div class='ocr_carea' id='block_1_20' title="bbox 493 1751 1415 1805">
    <p class='ocr_par' dir='ltr' id='par_1_21' title="bbox 493 1751 1415 1805">
     <span class='ocr_line' id='line_1_29' title="bbox 493 1751 1415 1805; baseline 0.001 -13"><span class='ocrx_word' id='word_1_146' title='bbox 493 1764 637 1805; x_wconf 85' lang='lat' dir='ltr'>usque</span> <span class='ocrx_word' id='word_1_147' title='bbox 657 1752 705 1792; x_wconf 93' lang='lat' dir='ltr'>in</span> <span class='ocrx_word' id='word_1_148' title='bbox 727 1751 848 1792; x_wconf 92' lang='lat' dir='ltr'>hunc</span> <span class='ocrx_word' id='word_1_149' title='bbox 870 1764 1041 1792; x_wconf 90' lang='lat' dir='ltr'>annum</span> <span class='ocrx_word' id='word_1_150' title='bbox 1062 1752 1108 1792; x_wconf 91' lang='lat' dir='ltr'>in</span> <span class='ocrx_word' id='word_1_151' title='bbox 1129 1765 1219 1805; x_wconf 88' lang='lat' dir='ltr'>quo</span> <span class='ocrx_word' id='word_1_152' title='bbox 1243 1765 1415 1794; x_wconf 89' lang='lat' dir='ltr'>sumus.</span> 
     </span>
    </p>
   </div>
   <div class='ocr_carea' id='block_1_21' title="bbox 492 1861 1127 2093">
    <p class='ocr_par' dir='ltr' id='par_1_22' title="bbox 492 1861 1127 2035">
     <span class='ocr_line' id='line_1_30' title="bbox 493 1861 1127 1904; baseline -0.002 -9"><span class='ocrx_word' id='word_1_153' title='bbox 493 1867 624 1904; x_wconf 88' lang='lat' dir='ltr'>gentem</span> <span class='ocrx_word' id='word_1_154' title='bbox 640 1864 852 1903; x_wconf 86' lang='lat' dir='ltr'>addiderunt,</span> <span class='ocrx_word' id='word_1_155' title='bbox 869 1874 945 1894; x_wconf 87' lang='lat' dir='ltr'>nam</span> <span class='ocrx_word' id='word_1_156' title='bbox 964 1867 997 1895; x_wconf 87' lang='lat' dir='ltr'>et</span> <span class='ocrx_word' id='word_1_157' title='bbox 1019 1873 1110 1903; x_wconf 79' lang='lat' dir='ltr'>parS,</span> <span class='ocrx_word' id='word_1_158' title='bbox 1125 1861 1127 1875; x_wconf 65' lang='lat'><strong>¹</strong></span> 
     </span>
     <span class='ocr_line' id='line_1_31' title="bbox 493 1910 1110 1950; baseline 0 -9"><span class='ocrx_word' id='word_1_159' title='bbox 493 1921 570 1950; x_wconf 87' lang='lat' dir='ltr'>quae</span> <span class='ocrx_word' id='word_1_160' title='bbox 595 1912 642 1942; x_wconf 91' lang='lat' dir='ltr'>ibi</span> <span class='ocrx_word' id='word_1_161' title='bbox 666 1912 835 1949; x_wconf 81' lang='lat' dir='ltr'>remansit,</span> <span class='ocrx_word' id='word_1_162' title='bbox 859 1910 970 1941; x_wconf 86' lang='lat' dir='ltr'>adhuc</span> <span class='ocrx_word' id='word_1_163' title='bbox 993 1911 1110 1941; x_wconf 88' lang='lat' dir='ltr'>eadem</span> 
     </span>
     <span class='ocr_line' id='line_1_32' title="bbox 492 1957 1127 2003; baseline -0.002 -15"><span class='ocrx_word' id='word_1_164' title='bbox 492 1958 598 1989; x_wconf 89' lang='lat' dir='ltr'>utitur</span> <span class='ocrx_word' id='word_1_165' title='bbox 620 1957 748 1997; x_wconf 79' lang='lat' dir='ltr'>lingua,</span> <span class='ocrx_word' id='word_1_166' title='bbox 764 1960 797 1988; x_wconf 88' lang='lat' dir='ltr'>et</span> <span class='ocrx_word' id='word_1_167' title='bbox 822 1957 968 1988; x_wconf 86' lang='lat' dir='ltr'>Navarri</span> <span class='ocrx_word' id='word_1_168' title='bbox 990 1967 1127 2003; x_wconf 43' lang='lat' dir='ltr'>vocan-¹</span> 
     </span>
     <span class='ocr_line' id='line_1_33' title="bbox 492 2004 912 2035; baseline -0.002 0"><span class='ocrx_word' id='word_1_169' title='bbox 492 2008 557 2035; x_wconf 88' lang='lat' dir='ltr'>tur.</span> <span class='ocrx_word' id='word_1_170' title='bbox 607 2004 654 2035; x_wconf 93' lang='lat' dir='ltr'>H.</span> <span class='ocrx_word' id='word_1_171' title='bbox 674 2004 781 2035; x_wconf 89' lang='lat' dir='ltr'>Hunt.</span> <span class='ocrx_word' id='word_1_172' title='bbox 797 2004 822 2035; x_wconf 89' lang='lat' dir='ltr'>f.</span> <span class='ocrx_word' id='word_1_173' title='bbox 838 2006 912 2034; x_wconf 82' lang='lat'>172.</span> 
     </span>
    </p>

    <p class='ocr_par' dir='ltr' id='par_1_23' title="bbox 539 2047 1127 2093">
     <span class='ocr_line' id='line_1_34' title="bbox 539 2047 1127 2093; baseline -0.003 -11"><span class='ocrx_word' id='word_1_174' title='bbox 539 2049 552 2069; x_wconf 69' lang='lat'><strong><em>2</em></strong></span> <span class='ocrx_word' id='word_1_175' title='bbox 575 2047 774 2093; x_wconf 80' lang='lat' dir='ltr'>Brittones]</span> <span class='ocrx_word' id='word_1_176' title='bbox 829 2050 997 2081; x_wconf 86' lang='lat' dir='ltr'>Brittones</span> <span class='ocrx_word' id='word_1_177' title='bbox 1026 2059 1127 2093; x_wconf 27' lang='grc' dir='ltr'>ρης-ᾗ</span> 
     </span>
    </p>
   </div>
   <div class='ocr_carea' id='block_1_22' title="bbox 492 2097 1762 2183">
    <p class='ocr_par' dir='ltr' id='par_1_24' title="bbox 492 2097 1762 2183">
     <span class='ocr_line' id='line_1_35' title="bbox 492 2097 1127 2140; baseline -0.002 -12"><span class='ocrx_word' id='word_1_178' title='bbox 492 2107 583 2137; x_wconf 87' lang='lat' dir='ltr'>nare,</span> <span class='ocrx_word' id='word_1_179' title='bbox 612 2098 664 2136; x_wconf 92' lang='lat' dir='ltr'>I.;</span> <span class='ocrx_word' id='word_1_180' title='bbox 688 2098 789 2128; x_wconf 86' lang='lat' dir='ltr'>armis</span> <span class='ocrx_word' id='word_1_181' title='bbox 814 2097 993 2136; x_wconf 86' lang='lat' dir='ltr'>Bryttones</span> <span class='ocrx_word' id='word_1_182' title='bbox 1024 2106 1127 2140; x_wconf 57' lang='lat' dir='ltr'>com-1</span> 
     </span>
     <span class='ocr_line' id='line_1_36' title="bbox 1126 2142 1762 2183; baseline 0.006 -11"><span class='ocrx_word' id='word_1_183' title='bbox 1126 2142 1199 2181; x_wconf 51' lang='lat' dir='ltr'>¹the</span> <span class='ocrx_word' id='word_1_184' title='bbox 1227 2143 1319 2182; x_wconf 80' lang='lat' dir='ltr'>cycle</span> <span class='ocrx_word' id='word_1_185' title='bbox 1344 2143 1381 2173; x_wconf 89' lang='lat' dir='ltr'>of</span> <span class='ocrx_word' id='word_1_186' title='bbox 1403 2143 1557 2173; x_wconf 88' lang='lat' dir='ltr'>nineteen</span> <span class='ocrx_word' id='word_1_187' title='bbox 1580 2153 1690 2183; x_wconf 83' lang='lat' dir='ltr'>years,</span> <span class='ocrx_word' id='word_1_188' title='bbox 1707 2153 1762 2176; x_wconf 84' lang='lat' dir='ltr'>see</span> 
     </span>
    </p>
   </div>
   <div class='ocr_carea' id='block_1_23' title="bbox 1071 2189 1762 2231">
    <p class='ocr_par' dir='ltr' id='par_1_25' title="bbox 1071 2183 1762 2231">
     <span class='ocr_line' id='line_1_37' title="bbox 1071 2189 1762 2231; baseline 0.003 -12"><span class='ocrx_word' id='word_1_189' title='bbox 1071 2189 1108 2219; x_wconf 90' lang='lat' dir='ltr'>C.</span> <span class='ocrx_word' id='word_1_190' title='bbox 1145 2189 1308 2220; x_wconf 81' lang='lat' dir='ltr'>Petavius</span> <span class='ocrx_word' id='word_1_191' title='bbox 1324 2189 1366 2220; x_wconf 89' lang='lat' dir='ltr'>de</span> <span class='ocrx_word' id='word_1_192' title='bbox 1376 2190 1539 2220; x_wconf 86' lang='lat' dir='ltr'>Doctrina</span> <span class='ocrx_word' id='word_1_193' title='bbox 1549 2190 1762 2231; x_wconf 86' lang='lat' dir='ltr'>Temporum,</span> 
     </span>
    </p>
   </div>
   <div class='ocr_carea' id='block_1_24' title="bbox 492 2145 1110 2454">
    <p class='ocr_par' dir='ltr' id='par_1_26' title="bbox 492 2145 763 2183">
     <span class='ocr_line' id='line_1_38' title="bbox 492 2145 763 2183; baseline -0.004 -8"><span class='ocrx_word' id='word_1_194' title='bbox 492 2145 717 2183; x_wconf 69' lang='lat' dir='ltr'>morabantur,</span> <span class='ocrx_word' id='word_1_195' title='bbox 733 2154 763 2175; x_wconf 85' lang='grc' dir='ltr'>α.</span> 
     </span>
    </p>

    <p class='ocr_par' dir='ltr' id='par_1_27' title="bbox 492 2187 1110 2323">
     <span class='ocr_line' id='line_1_39' title="bbox 539 2187 1019 2233; baseline -0.004 -12"><span class='ocrx_word' id='word_1_196' title='bbox 539 2188 553 2212; x_wconf 83' lang='grc'><em>7</em></span> <span class='ocrx_word' id='word_1_197' title='bbox 588 2187 774 2233; x_wconf 68' lang='lat' dir='ltr'>Memini]</span> <span class='ocrx_word' id='word_1_198' title='bbox 856 2189 1019 2228; x_wconf 84' lang='lat' dir='ltr'>Mermiri,</span> 
     </span>
     <span class='ocr_line' id='line_1_40' title="bbox 492 2235 1110 2277; baseline -0.005 -9"><span class='ocrx_word' id='word_1_199' title='bbox 492 2247 596 2277; x_wconf 83' lang='lat' dir='ltr'>marg.</span> <span class='ocrx_word' id='word_1_200' title='bbox 612 2248 620 2276; x_wconf 91' lang='lat'>;</span> <span class='ocrx_word' id='word_1_201' title='bbox 644 2237 804 2276; x_wconf 86' lang='lat' dir='ltr'>Meruini,</span> <span class='ocrx_word' id='word_1_202' title='bbox 822 2236 851 2267; x_wconf 91' lang='lat' dir='ltr'>I.</span> <span class='ocrx_word' id='word_1_203' title='bbox 871 2237 916 2268; x_wconf 89' lang='lat' dir='ltr'>K.</span> <span class='ocrx_word' id='word_1_204' title='bbox 934 2236 995 2274; x_wconf 91' lang='lat' dir='ltr'>L.;</span> <span class='ocrx_word' id='word_1_205' title='bbox 1020 2235 1110 2265; x_wconf 87' lang='lat' dir='ltr'>Mer-</span> 
     </span>
     <span class='ocr_line' id='line_1_41' title="bbox 492 2294 638 2323; baseline 0.007 -9"><span class='ocrx_word' id='word_1_206' title='bbox 492 2294 592 2323; x_wconf 87' lang='lat' dir='ltr'>mem,</span> <span class='ocrx_word' id='word_1_207' title='bbox 607 2294 638 2315; x_wconf 89' lang='lat' dir='ltr'>a.</span> 
     </span>
    </p>

    <p class='ocr_par' dir='ltr' id='par_1_28' title="bbox 540 2327 1025 2370">
     <span class='ocr_line' id='line_1_42' title="bbox 540 2327 1025 2370; baseline -0.004 -10"><span class='ocrx_word' id='word_1_208' title='bbox 540 2329 551 2347; x_wconf 73' lang='lat'>‘³</span> <span class='ocrx_word' id='word_1_209' title='bbox 574 2330 663 2360; x_wconf 80' lang='lat' dir='ltr'>Anni</span> <span class='ocrx_word' id='word_1_210' title='bbox 679 2329 771 2370; x_wconf 64' lang='lat'>429]</span> <span class='ocrx_word' id='word_1_211' title='bbox 796 2329 886 2359; x_wconf 90' lang='lat' dir='ltr'>Anni</span> <span class='ocrx_word' id='word_1_212' title='bbox 902 2330 978 2367; x_wconf 80' lang='lat'>439,</span> <span class='ocrx_word' id='word_1_213' title='bbox 996 2327 1025 2358; x_wconf 79' lang='lat' dir='ltr'>b.</span> 
     </span>
    </p>

    <p class='ocr_par' dir='ltr' id='par_1_29' title="bbox 493 2372 1110 2454">
     <span class='ocr_line' id='line_1_43' title="bbox 540 2372 1110 2418; baseline -0.007 -11"><span class='ocrx_word' id='word_1_214' title='bbox 540 2374 566 2394; x_wconf 89' lang='lat'>¹⁰</span> <span class='ocrx_word' id='word_1_215' title='bbox 582 2377 635 2407; x_wconf 76' lang='lat' dir='ltr'>Ad</span> <span class='ocrx_word' id='word_1_216' title='bbox 653 2372 812 2418; x_wconf 80' lang='lat' dir='ltr'>Seottos]</span> <span class='ocrx_word' id='word_1_217' title='bbox 831 2375 887 2405; x_wconf 94' lang='lat' dir='ltr'>Ad</span> <span class='ocrx_word' id='word_1_218' title='bbox 900 2374 1110 2413; x_wconf 84' lang='lat' dir='ltr'>Hiberniam,</span> 
     </span>
     <span class='ocr_line' id='line_1_44' title="bbox 493 2422 878 2454; baseline -0.003 -1"><span class='ocrx_word' id='word_1_219' title='bbox 493 2422 540 2453; x_wconf 88' lang='lat' dir='ltr'>D.</span> <span class='ocrx_word' id='word_1_220' title='bbox 552 2423 600 2454; x_wconf 90' lang='lat' dir='ltr'>H.</span> <span class='ocrx_word' id='word_1_221' title='bbox 614 2423 643 2454; x_wconf 92' lang='lat' dir='ltr'>I.</span> <span class='ocrx_word' id='word_1_222' title='bbox 658 2424 703 2453; x_wconf 87' lang='lat' dir='ltr'>K.</span> <span class='ocrx_word' id='word_1_223' title='bbox 715 2423 754 2453; x_wconf 94' lang='lat' dir='ltr'>L.</span> <span class='ocrx_word' id='word_1_224' title='bbox 773 2423 815 2453; x_wconf 91' lang='lat' dir='ltr'>P.</span> <span class='ocrx_word' id='word_1_225' title='bbox 834 2422 878 2452; x_wconf 82' lang='lat' dir='ltr'>R.</span> 
     </span>
    </p>
   </div>
   <div class='ocr_carea' id='block_1_25' title="bbox 528 2464 1544 2553">
    <p class='ocr_par' dir='ltr' id='par_1_30' title="bbox 528 2464 1544 2553">
     <span class='ocr_line' id='line_1_45' title="bbox 528 2464 1129 2510; baseline -0.005 -10"><span class='ocrx_word' id='word_1_226' title='bbox 528 2467 796 2508; x_wconf 72' lang='lat' dir='ltr'>¹⁰Quacl7·ingenti</span> <span class='ocrx_word' id='word_1_227' title='bbox 807 2464 975 2510; x_wconf 77' lang='lat' dir='ltr'>quinque]</span> <span class='ocrx_word' id='word_1_228' title='bbox 986 2469 1061 2506; x_wconf 84' lang='lat'>407,</span> <span class='ocrx_word' id='word_1_229' title='bbox 1070 2467 1110 2498; x_wconf 92' lang='lat' dir='ltr'>L.</span> <span class='ocrx_word' id='word_1_230' title='bbox 1127 2504 1129 2508; x_wconf 26' lang='grc' dir='ltr'>Ι</span> 
     </span>
     <span class='ocr_line' id='line_1_46' title="bbox 1127 2514 1544 2553; baseline 0.005 -9"><span class='ocrx_word' id='word_1_231' title='bbox 1127 2517 1129 2522; x_wconf 82' lang='lat'><em>&#39;</em></span> <span class='ocrx_word' id='word_1_232' title='bbox 1144 2514 1239 2545; x_wconf 87' lang='lat' dir='ltr'>ished</span> <span class='ocrx_word' id='word_1_233' title='bbox 1256 2515 1289 2544; x_wconf 88' lang='lat' dir='ltr'>in</span> <span class='ocrx_word' id='word_1_234' title='bbox 1305 2517 1381 2553; x_wconf 83' lang='lat'>437,</span> <span class='ocrx_word' id='word_1_235' title='bbox 1397 2518 1453 2545; x_wconf 88' lang='lat' dir='ltr'>not</span> <span class='ocrx_word' id='word_1_236' title='bbox 1469 2517 1544 2546; x_wconf 78' lang='lat'>438.</span> 
     </span>
    </p>
   </div>
   <div class='ocr_carea' id='block_1_26' title="bbox 491 2511 1114 2791">
    <p class='ocr_par' dir='ltr' id='par_1_31' title="bbox 491 2511 1112 2694">
     <span class='ocr_line' id='line_1_47' title="bbox 540 2511 1110 2559; baseline -0.007 -12"><span class='ocrx_word' id='word_1_237' title='bbox 540 2513 564 2533; x_wconf 72' lang='lat'>¹²</span> <span class='ocrx_word' id='word_1_238' title='bbox 588 2511 800 2559; x_wconf 71' lang='lat' dir='ltr'>Sexaginta]</span> <span class='ocrx_word' id='word_1_239' title='bbox 847 2515 893 2546; x_wconf 81' lang='lat' dir='ltr'>xl.</span> <span class='ocrx_word' id='word_1_240' title='bbox 935 2514 1025 2552; x_wconf 88' lang='lat' dir='ltr'>anni,</span> <span class='ocrx_word' id='word_1_241' title='bbox 1067 2513 1110 2544; x_wconf 88' lang='grc' dir='ltr'>Ρ.</span> 
     </span>
     <span class='ocr_line' id='line_1_48' title="bbox 491 2561 1110 2602; baseline -0.002 -10"><span class='ocrx_word' id='word_1_242' title='bbox 491 2572 596 2602; x_wconf 80' lang='lat' dir='ltr'>marg.</span> <span class='ocrx_word' id='word_1_243' title='bbox 620 2573 650 2594; x_wconf 86' lang='lat' dir='ltr'>a.</span> <span class='ocrx_word' id='word_1_244' title='bbox 681 2562 731 2600; x_wconf 85' lang='lat' dir='ltr'>b.;</span> <span class='ocrx_word' id='word_1_245' title='bbox 756 2564 899 2601; x_wconf 86' lang='lat' dir='ltr'>quatuor</span> <span class='ocrx_word' id='word_1_246' title='bbox 921 2561 998 2591; x_wconf 87' lang='lat' dir='ltr'>anni</span> <span class='ocrx_word' id='word_1_247' title='bbox 1022 2562 1110 2591; x_wconf 90' lang='lat' dir='ltr'>sunt.</span> 
     </span>
     <span class='ocr_line' id='line_1_49' title="bbox 491 2607 1112 2649; baseline -0.005 -10"><span class='ocrx_word' id='word_1_248' title='bbox 491 2609 642 2649; x_wconf 85' lang='lat' dir='ltr'>Initium,</span> <span class='ocrx_word' id='word_1_249' title='bbox 671 2609 714 2640; x_wconf 92' lang='grc' dir='ltr'>Β.</span> <span class='ocrx_word' id='word_1_250' title='bbox 737 2609 775 2640; x_wconf 91' lang='lat' dir='ltr'>C.</span> <span class='ocrx_word' id='word_1_251' title='bbox 802 2608 846 2639; x_wconf 92' lang='lat' dir='ltr'>D.</span> <span class='ocrx_word' id='word_1_252' title='bbox 867 2607 908 2639; x_wconf 89' lang='lat' dir='ltr'>F.</span> <span class='ocrx_word' id='word_1_253' title='bbox 936 2607 1112 2645; x_wconf 86' lang='lat' dir='ltr'>obviously</span> 
     </span>
     <span class='ocr_line' id='line_1_50' title="bbox 491 2654 1111 2694; baseline -0.002 -8"><span class='ocrx_word' id='word_1_254' title='bbox 491 2665 533 2686; x_wconf 90' lang='lat' dir='ltr'>an</span> <span class='ocrx_word' id='word_1_255' title='bbox 545 2666 634 2686; x_wconf 73' lang='lat' dir='ltr'>error</span> <span class='ocrx_word' id='word_1_256' title='bbox 649 2655 775 2694; x_wconf 86' lang='lat' dir='ltr'>arising</span> <span class='ocrx_word' id='word_1_257' title='bbox 790 2654 872 2685; x_wconf 88' lang='lat' dir='ltr'>from</span> <span class='ocrx_word' id='word_1_258' title='bbox 890 2664 932 2685; x_wconf 87' lang='lat' dir='ltr'>an</span> <span class='ocrx_word' id='word_1_259' title='bbox 943 2654 1111 2685; x_wconf 88' lang='lat' dir='ltr'>omission.</span> 
     </span>
    </p>

    <p class='ocr_par' dir='ltr' id='par_1_32' title="bbox 529 2698 1111 2744">
     <span class='ocr_line' id='line_1_51' title="bbox 529 2698 1111 2744; baseline 0 -12"><span class='ocrx_word' id='word_1_260' title='bbox 529 2700 590 2733; x_wconf 74' lang='lat' dir='ltr'>¹2A</span> <span class='ocrx_word' id='word_1_261' title='bbox 600 2698 802 2744; x_wconf 68' lang='lat' dir='ltr'>nativitate]</span> <span class='ocrx_word' id='word_1_262' title='bbox 815 2701 847 2731; x_wconf 91' lang='lat' dir='ltr'><strong>A</strong></span> <span class='ocrx_word' id='word_1_263' title='bbox 857 2704 972 2740; x_wconf 82' lang='lat' dir='ltr'>morte,</span> <span class='ocrx_word' id='word_1_264' title='bbox 983 2701 1021 2732; x_wconf 83' lang='lat' dir='ltr'>C.</span> <span class='ocrx_word' id='word_1_265' title='bbox 1029 2710 1111 2732; x_wconf 90' lang='lat' dir='ltr'>mar.</span> 
     </span>
    </p>

    <p class='ocr_par' dir='ltr' id='par_1_33' title="bbox 537 2745 1114 2791">
     <span class='ocr_line' id='line_1_52' title="bbox 537 2745 1114 2791; baseline -0.007 -11"><span class='ocrx_word' id='word_1_266' title='bbox 537 2747 564 2767; x_wconf 78' lang='lat'>¹³</span> <span class='ocrx_word' id='word_1_267' title='bbox 588 2745 779 2791; x_wconf 79' lang='lat' dir='ltr'>Columbae]</span> <span class='ocrx_word' id='word_1_268' title='bbox 812 2748 943 2778; x_wconf 87' lang='lat' dir='ltr'>Sanctae</span> <span class='ocrx_word' id='word_1_269' title='bbox 974 2747 1114 2777; x_wconf 67' lang='lat' dir='ltr'>Koluin-</span> 
     </span>
    </p>
   </div>
   <div class='ocr_carea' id='block_1_27' title="bbox 1122 1946 1135 2844">
    <p class='ocr_par' dir='ltr' id='par_1_34' title="bbox 1122 1946 1135 2844">
     <span class='ocr_line' id='line_1_53' title="bbox 1122 1946 1135 2844; baseline 0 0"><span class='ocrx_word' id='word_1_270' title='bbox 1122 1946 1135 2844; x_wconf 95' lang='lat' dir='ltr'> </span> 
     </span>
    </p>
   </div>
   <div class='ocr_carea' id='block_1_28' title="bbox 490 2794 1112 2879">
    <p class='ocr_par' dir='ltr' id='par_1_35' title="bbox 490 2794 1112 2879">
     <span class='ocr_line' id='line_1_54' title="bbox 490 2794 1111 2834; baseline 0 -10"><span class='ocrx_word' id='word_1_271' title='bbox 490 2795 597 2834; x_wconf 69' lang='lat' dir='ltr'>killae,</span> <span class='ocrx_word' id='word_1_272' title='bbox 615 2796 659 2826; x_wconf 90' lang='lat' dir='ltr'>D.</span> <span class='ocrx_word' id='word_1_273' title='bbox 680 2795 726 2826; x_wconf 89' lang='lat' dir='ltr'>H.</span> <span class='ocrx_word' id='word_1_274' title='bbox 746 2796 775 2826; x_wconf 92' lang='lat' dir='ltr'>I.</span> <span class='ocrx_word' id='word_1_275' title='bbox 795 2795 860 2832; x_wconf 90' lang='lat' dir='ltr'>P.;</span> <span class='ocrx_word' id='word_1_276' title='bbox 885 2794 1111 2833; x_wconf 83' lang='lat' dir='ltr'>Columkillae,</span> 
     </span>
     <span class='ocr_line' id='line_1_55' title="bbox 492 2840 1112 2879; baseline -0.002 -7"><span class='ocrx_word' id='word_1_277' title='bbox 492 2842 536 2872; x_wconf 87' lang='lat' dir='ltr'>K.</span> <span class='ocrx_word' id='word_1_278' title='bbox 556 2842 594 2873; x_wconf 92' lang='lat' dir='ltr'>L.</span> <span class='ocrx_word' id='word_1_279' title='bbox 646 2842 685 2872; x_wconf 91' lang='lat' dir='ltr'>In</span> <span class='ocrx_word' id='word_1_280' title='bbox 710 2842 752 2873; x_wconf 89' lang='lat' dir='ltr'>G.</span> <span class='ocrx_word' id='word_1_281' title='bbox 772 2841 837 2872; x_wconf 88' lang='lat' dir='ltr'>and</span> <span class='ocrx_word' id='word_1_282' title='bbox 856 2841 900 2873; x_wconf 89' lang='lat' dir='ltr'>K.</span> <span class='ocrx_word' id='word_1_283' title='bbox 926 2840 993 2871; x_wconf 86' lang='lat' dir='ltr'>this</span> <span class='ocrx_word' id='word_1_284' title='bbox 1018 2850 1112 2879; x_wconf 81' lang='lat' dir='ltr'>pass-</span> 
     </span>
    </p>
   </div>
   <div class='ocr_carea' id='block_1_29' title="bbox 1145 1863 1769 2000">
    <p class='ocr_par' dir='ltr' id='par_1_36' title="bbox 1145 1863 1769 2000">
     <span class='ocr_line' id='line_1_56' title="bbox 1145 1863 1766 1903; baseline 0.005 -10"><span class='ocrx_word' id='word_1_285' title='bbox 1145 1873 1207 1903; x_wconf 82' lang='lat' dir='ltr'>age</span> <span class='ocrx_word' id='word_1_286' title='bbox 1224 1864 1422 1903; x_wconf 86' lang='lat' dir='ltr'>concerning</span> <span class='ocrx_word' id='word_1_287' title='bbox 1439 1863 1604 1895; x_wconf 86' lang='lat' dir='ltr'>Columba</span> <span class='ocrx_word' id='word_1_288' title='bbox 1614 1864 1643 1894; x_wconf 92' lang='lat' dir='ltr'>is</span> <span class='ocrx_word' id='word_1_289' title='bbox 1654 1864 1766 1896; x_wconf 86' lang='lat' dir='ltr'>added</span> 
     </span>
     <span class='ocr_line' id='line_1_57' title="bbox 1145 1910 1408 1949; baseline 0.004 -9"><span class='ocrx_word' id='word_1_290' title='bbox 1145 1911 1179 1940; x_wconf 86' lang='lat' dir='ltr'>in</span> <span class='ocrx_word' id='word_1_291' title='bbox 1198 1910 1252 1940; x_wconf 82' lang='lat' dir='ltr'>the</span> <span class='ocrx_word' id='word_1_292' title='bbox 1268 1911 1408 1949; x_wconf 84' lang='lat' dir='ltr'>margin.</span> 
     </span>
     <span class='ocr_line' id='line_1_58' title="bbox 1193 1953 1769 2000; baseline 0.005 -14"><span class='ocrx_word' id='word_1_293' title='bbox 1193 1954 1217 1974; x_wconf 73' lang='lat'>¹4</span> <span class='ocrx_word' id='word_1_294' title='bbox 1234 1953 1402 2000; x_wconf 75' lang='lat' dir='ltr'>Initium]</span> <span class='ocrx_word' id='word_1_295' title='bbox 1435 1956 1505 1987; x_wconf 88' lang='lat' dir='ltr'>The</span> <span class='ocrx_word' id='word_1_296' title='bbox 1529 1957 1716 1988; x_wconf 86' lang='lat' dir='ltr'>remainder</span> <span class='ocrx_word' id='word_1_297' title='bbox 1731 1958 1769 1989; x_wconf 88' lang='lat' dir='ltr'>of</span> 
     </span>
    </p>
   </div>
   <div class='ocr_carea' id='block_1_30' title="bbox 1126 2002 1645 2035">
    <p class='ocr_par' dir='ltr' id='par_1_37' title="bbox 1126 2002 1645 2035">
     <span class='ocr_line' id='line_1_59' title="bbox 1126 2002 1645 2035; baseline 0.004 -2"><span class='ocrx_word' id='word_1_298' title='bbox 1126 2005 1127 2012; x_wconf 64' lang='lat'>¹</span> <span class='ocrx_word' id='word_1_299' title='bbox 1145 2002 1211 2033; x_wconf 91' lang='lat' dir='ltr'>this</span> <span class='ocrx_word' id='word_1_300' title='bbox 1227 2004 1352 2034; x_wconf 87' lang='lat' dir='ltr'>section</span> <span class='ocrx_word' id='word_1_301' title='bbox 1368 2004 1396 2034; x_wconf 84' lang='lat' dir='ltr'>is</span> <span class='ocrx_word' id='word_1_302' title='bbox 1413 2003 1550 2034; x_wconf 88' lang='lat' dir='ltr'>omitted</span> <span class='ocrx_word' id='word_1_303' title='bbox 1566 2004 1599 2034; x_wconf 92' lang='lat' dir='ltr'>in</span> <span class='ocrx_word' id='word_1_304' title='bbox 1615 2014 1645 2035; x_wconf 94' lang='lat' dir='ltr'>a.</span> 
     </span>
    </p>
   </div>
   <div class='ocr_carea' id='block_1_31' title="bbox 1144 2045 1764 2138">
    <p class='ocr_par' dir='ltr' id='par_1_38' title="bbox 1144 2045 1764 2138">
     <span class='ocr_line' id='line_1_60' title="bbox 1194 2045 1763 2093; baseline 0.005 -14"><span class='ocrx_word' id='word_1_305' title='bbox 1194 2047 1218 2067; x_wconf 86' lang='lat'>¹⁵</span> <span class='ocrx_word' id='word_1_306' title='bbox 1238 2045 1571 2093; x_wconf 77' lang='lat' dir='ltr'>Decenmoremzales]</span> <span class='ocrx_word' id='word_1_307' title='bbox 1621 2050 1763 2082; x_wconf 86' lang='lat' dir='ltr'>Decem-</span> 
     </span>
     <span class='ocr_line' id='line_1_61' title="bbox 1144 2096 1764 2138; baseline 0.003 -12"><span class='ocrx_word' id='word_1_308' title='bbox 1144 2096 1350 2135; x_wconf 81' lang='lat' dir='ltr'>novennalis,</span> <span class='ocrx_word' id='word_1_309' title='bbox 1361 2096 1403 2128; x_wconf 87' lang='lat' dir='ltr'>A.</span> <span class='ocrx_word' id='word_1_310' title='bbox 1417 2097 1460 2127; x_wconf 93' lang='lat' dir='ltr'>B.</span> <span class='ocrx_word' id='word_1_311' title='bbox 1475 2096 1517 2127; x_wconf 90' lang='lat' dir='ltr'>G.</span> <span class='ocrx_word' id='word_1_312' title='bbox 1554 2096 1764 2138; x_wconf 85' lang='lat' dir='ltr'>Concerning</span> 
     </span>
    </p>
   </div>
   <div class='ocr_carea' id='block_1_32' title="bbox 1143 2236 1762 2507">
    <p class='ocr_par' dir='ltr' id='par_1_39' title="bbox 1143 2236 1761 2322">
     <span class='ocr_line' id='line_1_62' title="bbox 1143 2236 1761 2275; baseline 0.005 -10"><span class='ocrx_word' id='word_1_313' title='bbox 1143 2236 1188 2266; x_wconf 84' lang='lat' dir='ltr'>vi.</span> <span class='ocrx_word' id='word_1_314' title='bbox 1207 2238 1259 2275; x_wconf 92' lang='lat'>10,</span> <span class='ocrx_word' id='word_1_315' title='bbox 1272 2239 1324 2275; x_wconf 91' lang='grc'>11,</span> <span class='ocrx_word' id='word_1_316' title='bbox 1341 2236 1419 2267; x_wconf 91' lang='lat' dir='ltr'>edit.</span> <span class='ocrx_word' id='word_1_317' title='bbox 1438 2236 1495 2267; x_wconf 89' lang='lat' dir='ltr'>fol.</span> <span class='ocrx_word' id='word_1_318' title='bbox 1509 2238 1616 2275; x_wconf 76' lang='lat'>17053</span> <span class='ocrx_word' id='word_1_319' title='bbox 1640 2237 1704 2268; x_wconf 84' lang='lat' dir='ltr'>Art</span> <span class='ocrx_word' id='word_1_320' title='bbox 1719 2238 1761 2268; x_wconf 90' lang='lat' dir='ltr'>de</span> 
     </span>
     <span class='ocr_line' id='line_1_63' title="bbox 1143 2281 1643 2322; baseline 0.004 -11"><span class='ocrx_word' id='word_1_321' title='bbox 1143 2281 1286 2312; x_wconf 73' lang='lat' dir='ltr'>verifier</span> <span class='ocrx_word' id='word_1_322' title='bbox 1300 2282 1349 2313; x_wconf 86' lang='lat' dir='ltr'>les</span> <span class='ocrx_word' id='word_1_323' title='bbox 1366 2283 1484 2320; x_wconf 81' lang='lat' dir='ltr'>Dates,</span> <span class='ocrx_word' id='word_1_324' title='bbox 1501 2283 1524 2313; x_wconf 90' lang='lat' dir='ltr'>i.</span> <span class='ocrx_word' id='word_1_325' title='bbox 1543 2283 1559 2322; x_wconf 52' lang='grc' dir='ltr'><em>ᾧ</em></span> <span class='ocrx_word' id='word_1_326' title='bbox 1575 2283 1643 2314; x_wconf 83' lang='lat' dir='ltr'>xiv.</span> 
     </span>
    </p>

    <p class='ocr_par' dir='ltr' id='par_1_40' title="bbox 1143 2326 1762 2507">
     <span class='ocr_line' id='line_1_64' title="bbox 1192 2326 1762 2372; baseline 0.004 -14"><span class='ocrx_word' id='word_1_327' title='bbox 1192 2326 1217 2349; x_wconf 84' lang='lat'>17</span> <span class='ocrx_word' id='word_1_328' title='bbox 1234 2329 1376 2359; x_wconf 75' lang='lat' dir='ltr'>Numero</span> <span class='ocrx_word' id='word_1_329' title='bbox 1395 2326 1490 2372; x_wconf 76' lang='lat'>438]</span> <span class='ocrx_word' id='word_1_330' title='bbox 1517 2331 1592 2369; x_wconf 79' lang='lat'>437,</span> <span class='ocrx_word' id='word_1_331' title='bbox 1614 2330 1654 2360; x_wconf 94' lang='lat' dir='ltr'>L.</span> <span class='ocrx_word' id='word_1_332' title='bbox 1680 2329 1762 2361; x_wconf 89' lang='lat' dir='ltr'>This</span> 
     </span>
     <span class='ocr_line' id='line_1_65' title="bbox 1143 2375 1761 2415; baseline 0.003 -11"><span class='ocrx_word' id='word_1_333' title='bbox 1143 2375 1294 2414; x_wconf 84' lang='lat' dir='ltr'>reading,</span> <span class='ocrx_word' id='word_1_334' title='bbox 1304 2375 1465 2415; x_wconf 82' lang='lat' dir='ltr'>although</span> <span class='ocrx_word' id='word_1_335' title='bbox 1480 2376 1628 2414; x_wconf 86' lang='lat' dir='ltr'>opposed</span> <span class='ocrx_word' id='word_1_336' title='bbox 1645 2376 1689 2414; x_wconf 88' lang='lat' dir='ltr'>by</span> <span class='ocrx_word' id='word_1_337' title='bbox 1705 2376 1761 2407; x_wconf 86' lang='lat' dir='ltr'>the</span> 
     </span>
     <span class='ocr_line' id='line_1_66' title="bbox 1144 2421 1760 2461; baseline 0.003 -10"><span class='ocrx_word' id='word_1_338' title='bbox 1144 2421 1217 2451; x_wconf 87' lang='lat' dir='ltr'>best</span> <span class='ocrx_word' id='word_1_339' title='bbox 1228 2422 1339 2460; x_wconf 65' lang='lat' dir='ltr'>MSS„</span> <span class='ocrx_word' id='word_1_340' title='bbox 1349 2422 1378 2452; x_wconf 86' lang='lat' dir='ltr'>is</span> <span class='ocrx_word' id='word_1_341' title='bbox 1394 2422 1592 2461; x_wconf 82' lang='lat' dir='ltr'>apparently</span> <span class='ocrx_word' id='word_1_342' title='bbox 1602 2423 1657 2453; x_wconf 89' lang='lat' dir='ltr'>the</span> <span class='ocrx_word' id='word_1_343' title='bbox 1670 2432 1760 2453; x_wconf 82' lang='lat' dir='ltr'>more</span> 
     </span>
     <span class='ocr_line' id='line_1_67' title="bbox 1144 2468 1761 2507; baseline 0.003 -9"><span class='ocrx_word' id='word_1_344' title='bbox 1144 2471 1281 2507; x_wconf 83' lang='lat' dir='ltr'>correct,</span> <span class='ocrx_word' id='word_1_345' title='bbox 1299 2469 1388 2499; x_wconf 86' lang='lat' dir='ltr'>since</span> <span class='ocrx_word' id='word_1_346' title='bbox 1413 2468 1468 2498; x_wconf 89' lang='lat' dir='ltr'>the</span> <span class='ocrx_word' id='word_1_347' title='bbox 1493 2469 1586 2507; x_wconf 81' lang='lat' dir='ltr'>cycle</span> <span class='ocrx_word' id='word_1_348' title='bbox 1611 2479 1683 2500; x_wconf 87' lang='lat' dir='ltr'>was</span> <span class='ocrx_word' id='word_1_349' title='bbox 1702 2470 1761 2500; x_wconf 86' lang='lat' dir='ltr'>fin-</span> 
     </span>
    </p>
   </div>
   <div class='ocr_carea' id='block_1_33' title="bbox 1144 2557 1765 2872">
    <p class='ocr_par' dir='ltr' id='par_1_41' title="bbox 1145 2557 1761 2693">
     <span class='ocr_line' id='line_1_68' title="bbox 1192 2557 1759 2605; baseline 0.002 -14"><span class='ocrx_word' id='word_1_350' title='bbox 1192 2558 1217 2579; x_wconf 76' lang='grc'>19</span> <span class='ocrx_word' id='word_1_351' title='bbox 1243 2561 1482 2600; x_wconf 76' lang='lat' dir='ltr'>Quadringenti</span> <span class='ocrx_word' id='word_1_352' title='bbox 1505 2561 1625 2601; x_wconf 77' lang='lat' dir='ltr'>viginti</span> <span class='ocrx_word' id='word_1_353' title='bbox 1646 2557 1759 2605; x_wconf 84' lang='lat' dir='ltr'>unus]</span> 
     </span>
     <span class='ocr_line' id='line_1_69' title="bbox 1145 2608 1761 2648; baseline 0.003 -11"><span class='ocrx_word' id='word_1_354' title='bbox 1145 2609 1221 2647; x_wconf 89' lang='lat'>410,</span> <span class='ocrx_word' id='word_1_355' title='bbox 1249 2608 1311 2646; x_wconf 85' lang='lat' dir='ltr'>G.;</span> <span class='ocrx_word' id='word_1_356' title='bbox 1341 2610 1418 2647; x_wconf 89' lang='lat'>411,</span> <span class='ocrx_word' id='word_1_357' title='bbox 1443 2608 1491 2639; x_wconf 88' lang='lat' dir='ltr'>H.</span> <span class='ocrx_word' id='word_1_358' title='bbox 1524 2608 1553 2639; x_wconf 88' lang='lat' dir='ltr'><em>L</em></span> <span class='ocrx_word' id='word_1_359' title='bbox 1579 2611 1612 2648; x_wconf 88' lang='lat'>2,</span> <span class='ocrx_word' id='word_1_360' title='bbox 1638 2609 1681 2640; x_wconf 90' lang='lat' dir='ltr'>P.</span> <span class='ocrx_word' id='word_1_361' title='bbox 1711 2608 1761 2648; x_wconf 77' lang='lat' dir='ltr'>h.;</span> 
     </span>
     <span class='ocr_line' id='line_1_70' title="bbox 1145 2654 1434 2693; baseline 0.003 -9"><span class='ocrx_word' id='word_1_362' title='bbox 1145 2654 1288 2693; x_wconf 81' lang='lat'>423‚1.;</span> <span class='ocrx_word' id='word_1_363' title='bbox 1312 2657 1388 2693; x_wconf 83' lang='lat'>429,</span> <span class='ocrx_word' id='word_1_364' title='bbox 1406 2654 1434 2685; x_wconf 80' lang='lat' dir='ltr'>b.</span> 
     </span>
    </p>

    <p class='ocr_par' dir='ltr' id='par_1_42' title="bbox 1192 2698 1749 2744">
     <span class='ocr_line' id='line_1_71' title="bbox 1192 2698 1749 2744; baseline 0.002 -13"><span class='ocrx_word' id='word_1_365' title='bbox 1192 2698 1219 2718; x_wconf 75' lang='lat'>2⁰</span> <span class='ocrx_word' id='word_1_366' title='bbox 1236 2701 1309 2731; x_wconf 79' lang='lat' dir='ltr'>Duo</span> <span class='ocrx_word' id='word_1_367' title='bbox 1324 2701 1432 2744; x_wconf 72' lang='lat' dir='ltr'>anni]</span> <span class='ocrx_word' id='word_1_368' title='bbox 1456 2700 1538 2731; x_wconf 86' lang='lat' dir='ltr'>Tres</span> <span class='ocrx_word' id='word_1_369' title='bbox 1554 2701 1644 2740; x_wconf 77' lang='lat' dir='ltr'>anni,</span> <span class='ocrx_word' id='word_1_370' title='bbox 1660 2700 1700 2732; x_wconf 89' lang='lat' dir='ltr'>L.</span> <span class='ocrx_word' id='word_1_371' title='bbox 1719 2700 1749 2732; x_wconf 87' lang='lat' dir='ltr'>b.</span> 
     </span>
    </p>

    <p class='ocr_par' dir='ltr' id='par_1_43' title="bbox 1144 2744 1765 2872">
     <span class='ocr_line' id='line_1_72' title="bbox 1192 2744 1765 2787; baseline 0 -9"><span class='ocrx_word' id='word_1_372' title='bbox 1192 2744 1217 2765; x_wconf 79' lang='lat'>²¹</span> <span class='ocrx_word' id='word_1_373' title='bbox 1235 2748 1276 2778; x_wconf 85' lang='lat' dir='ltr'>In</span> <span class='ocrx_word' id='word_1_374' title='bbox 1292 2758 1351 2787; x_wconf 84' lang='lat' dir='ltr'>quo</span> <span class='ocrx_word' id='word_1_375' title='bbox 1366 2747 1502 2787; x_wconf 76' lang='lat' dir='ltr'>sumus]</span> <span class='ocrx_word' id='word_1_376' title='bbox 1527 2747 1608 2777; x_wconf 88' lang='lat' dir='ltr'>This</span> <span class='ocrx_word' id='word_1_377' title='bbox 1618 2747 1711 2786; x_wconf 85' lang='lat' dir='ltr'>cycle</span> <span class='ocrx_word' id='word_1_378' title='bbox 1727 2747 1765 2778; x_wconf 84' lang='lat' dir='ltr'>of</span> 
     </span>
     <span class='ocr_line' id='line_1_73' title="bbox 1144 2793 1759 2833; baseline 0.005 -10"><span class='ocrx_word' id='word_1_379' title='bbox 1144 2794 1297 2825; x_wconf 87' lang='lat' dir='ltr'>nineteeu</span> <span class='ocrx_word' id='word_1_380' title='bbox 1310 2804 1406 2833; x_wconf 81' lang='lat' dir='ltr'>years</span> <span class='ocrx_word' id='word_1_381' title='bbox 1415 2793 1611 2824; x_wconf 83' lang='lat' dir='ltr'>terminated</span> <span class='ocrx_word' id='word_1_382' title='bbox 1623 2794 1656 2824; x_wconf 91' lang='lat' dir='ltr'>in</span> <span class='ocrx_word' id='word_1_383' title='bbox 1667 2793 1759 2826; x_wconf 90' lang='lat' dir='ltr'>A.D.</span> 
     </span>
     <span class='ocr_line' id='line_1_74' title="bbox 1145 2843 1220 2872; baseline 0.027 -2"><span class='ocrx_word' id='word_1_384' title='bbox 1145 2843 1220 2872; x_wconf 76' lang='lat'>854.</span> 
     </span>
    </p>
   </div>
  </div>
 </body>
</html>
