1997 3220
537 242 760 273 Aucronss
799 243 993 272 ΝΕΝΝΗ).
1346 234 1402 274 49

132 344 303 385 factum
331 351 400 385 est
430 344 595 385 bellum
632 346 676 385 in
712 353 880 396 monte,
919 348 996 399 qui
1029 347 1194 388 dicitur
1219 348 1399 400 Agned.

135 410 463 451 Duodecimum
504 411 588 451 suit
629 412 794 452 bellum
835 413 878 452 in
915 419 1067 454 monte
1106 413 1323 464 Badonis,
1355 416 1399 455 in

132 489 222 530 quo
245 482 512 517 corruerunt
534 478 577 517 in
602 491 692 518 uno
715 478 786 519 die
805 480 1024 531 nongenti
1047 480 1291 531 sexaginta
1315 482 1397 521 viri

131 542 187 583 de
224 555 314 582 uno
348 543 519 596 impetu
548 543 749 594 Arthur3

789 551 833 584 et
872 558 1003 586 nemo
1039 546 1289 598 prostravit
1322 560 1398 586 eos

93 620 112 648 ⁵
134 608 218 649 nisi
238 608 334 661 ipse
353 609 494 658 solus,
516 615 561 650 et
583 611 627 650 in
649 611 858 651 omuibus
886 612 1015 652 bellis
1038 612 1183 651 victor
1204 613 1397 652 exstitit.

133 674 192 715 Et
222 675 326 727 ipsi,
347 675 452 715 dum
486 676 530 715 in
569 677 778 716 omnibus
812 677 941 717 bellis
976 679 1397 730 prosternebantur,

129 741 350 781 auxilium
385 753 413 781 a
454 740 703 782 Germania
744 743 976 795 petebant,
1017 748 1063 784 et
1110 745 1399 796 augebantur

129 806 442 859 multipliciter
477 808 574 847 sine
607 808 957 858 intermissione,
980 815 1025 850 et
1061 822 1190 862 reges
1223 823 1251 850 a
1280 810 1396 851 Ger-

128 873 281 913 mania
321 873 621 923 deducebant,
654 880 705 914 ut
747 881 991 927 regnarent
1033 887 1171 927 super
1209 876 1312 917 illos
1350 877 1396 917 in

69 944 109 974 10
128 938 406 988 Brittannia,
440 953 583 993 usque
614 940 670 980 ad
704 945 883 993 tempus
920 954 1010 994 quo
1049 940 1134 981 Ida
1171 943 1395 994 regnavit,

127 1005 204 1058 qui
245 1005 330 1046 fuit
374 1005 531 1047 Eobba
575 1006 709 1055 filius,
753 1007 850 1059 ipse
891 1007 977 1049 fuit
1016 1007 1188 1060 primus
1228 1022 1309 1049 rex
1348 1009 1395 1049 in

127 1071 384 1121 Beornicia,
406 1071 450 1112 id
470 1078 555 1121 est,
576 1071 636 1112 im
660 1072 898 1114 Berneich.

172 1271 181 1291 ¹
214 1271 360 1312 Agned]
399 1271 521 1311 Agned
555 1272 738 1311 Catbrego-

124 1319 225 1357 mion,
252 1319 314 1356 D.;
347 1318 526 1357 Bregnion‚
553 1318 586 1348 in
612 1318 740 1348 Somet-

124 1365 277 1404 setshire,
301 1374 399 1403 quem
424 1374 483 1394 nos
504 1364 739 1404 Cathbregyon

125 1412 348 1451 appellamus,
382 1411 427 1441 D.
451 1420 577 1449 marg.:
618 1410 738 1449 Agned

125 1457 402 1497 Thabregomion,
419 1457 460 1487 E.
476 1467 484 1494 ;
502 1456 622 1495 Agnvd
639 1457 740 1487 Cath-

126 1514 306 1544 regonnon,
329 1504 371 1534 Ε.
394 1513 498 1541 marg.
549 1504 557 1520 ‘
573 1503 642 1533 The
673 1503 741 1533 ele-

124 1551 222 1581 venth
246 1551 274 1580 is
301 1549 418 1589 placed
444 1553 477 1579 at
492 1550 547 1579 the
570 1550 738 1579 mountain

123 1597 161 1628 of
180 1596 603 1637 Agned-Cath-Regenion,
629 1596 739 1626 which

124 1643 272 1674 Camden
301 1642 398 1673 takes
429 1642 478 1672 for
504 1641 740 1681 Cathbregion,

122 1699 160 1720 or
190 1689 361 1727 Cadbury,
392 1689 425 1718 in
464 1688 740 1726 Somersetshire3

122 1736 183 1766 but
198 1735 306 1774 Lloyd
329 1734 396 1765 and
422 1733 533 1764 others
557 1744 646 1764 more
666 1744 741 1773 pro-

121 1782 224 1821 bably
254 1782 304 1812 for
342 1779 553 1819 Edinburgh‚
591 1780 646 1811 the
684 1780 739 1811 old

123 1827 250 1860 British
272 1837 367 1859 name
391 1827 442 1858 for
455 1826 566 1856 which
582 1836 654 1857 was
670 1827 741 1866 Ag-

122 1875 200 1914 ned,
227 1874 291 1906 and
322 1873 377 1904 the
412 1876 484 1904 east
516 1876 593 1912 part
621 1872 659 1903 of
684 1873 739 1903 the

123 1924 213 1952 town
243 1921 272 1951 is
302 1919 502 1951 overlooked
534 1920 577 1958 by
608 1929 629 1950 a
658 1919 739 1958 high

122 1968 306 2005 mountain,
327 1966 438 1996 which
465 1966 494 1996 is
523 1975 599 1996 now
630 1965 739 1996 called

123 2014 214 2045 Cadr
242 2012 382 2051 Arthur,
411 2012 555 2051 perhaps
585 2011 740 2050 formerly

123 2060 215 2091 Cadr
237 2059 394 2097 Brenion,
416 2058 527 2088 words
557 2057 740 2097 signifying

123 2107 230 2138 either
266 2105 422 2136 Arthur’s
458 2114 495 2135 or
532 2103 586 2135 the
620 2105 740 2144 King's

123 2153 229 2192 chair‚
281 2152 397 2190 castle,
434 2160 471 2181 or
505 2150 742 2182 fortification.'

123 2199 237 2238 Carte,
253 2198 345 2230 Hist.
361 2197 459 2236 Engl.
478 2197 499 2228 i.
517 2199 591 2228 205.

170 2244 184 2263 2
205 2246 317 2276 Monte
340 2240 516 2286 Rationis]
549 2243 741 2283 According

122 2295 156 2323 to
179 2292 291 2331 Carte,
315 2294 371 2322 not
402 2290 502 2328 Bath,
532 2290 592 2320 but
621 2289 742 2320 Mount

124 2338 242 2370 Badon
258 2339 292 2368 in
307 2336 500 2369 Berkshire.

171 2385 185 2404 ³
206 2384 300 2425 960]
324 2387 400 2422 840,
419 2384 463 2414 G.

172 2431 185 2450 ⁴
208 2430 364 2470 Arctum]
405 2430 450 2460 K.
484 2428 581 2467 adds,
618 2429 652 2458 in
685 2402 760 2483 the!

125 2478 266 2517 margin,
284 2475 462 2515 regarding
479 2474 742 2513 Arthur,‘Artur

126 2523 393 2562 Hierosolymam
430 2520 588 2560 perrexit,
624 2524 658 2551 et
694 2521 740 2551 ibi

124 2579 256 2602 crucem
269 2569 312 2600 ad
328 2568 546 2608 quantitatem
556 2567 738 2597 salutiferae

125 2617 235 2647 crucis
251 2616 342 2655 fecit,
358 2618 391 2646 et
407 2614 452 2644 ibi
469 2618 662 2644 consecrata
677 2617 739 2652 est,

125 2667 158 2693 et
175 2673 233 2702 per
243 2666 310 2693 tres
321 2661 494 2693 continuos
517 2659 590 2690 dies
607 2660 739 2699 jejuna-

126 2709 185 2747 vit,
207 2712 240 2739 et
261 2709 426 2747 vigilavit,
448 2710 481 2737 et
495 2706 614 2744 oravit,
629 2716 738 2736 coram

772 1272 890 1303 toriam
914 1272 1009 1302 daret
1032 1282 1091 1311 per
1114 1271 1175 1303 hoc
1197 1273 1330 1311 signum
1353 1272 1395 1303 de

773 1319 937 1357 paganis;
976 1318 1066 1357 quod
1104 1322 1137 1349 et
1175 1318 1299 1349 factum
1331 1322 1395 1351 est.

773 1364 886 1403 Atque
903 1374 1015 1396 secum
1033 1365 1210 1403 imaginem
1227 1366 1260 1396 S.
1273 1365 1394 1396 Mariae

773 1410 906 1450 detulit,
942 1413 1040 1451 qu'us
1082 1410 1239 1442 sraeturae
1283 1411 1394 1442 adhuc

774 1457 865 1495 apud
879 1457 1017 1487 Wedale
1034 1461 1208 1488 servantur
1223 1458 1256 1487 in
1273 1467 1395 1497 magna

774 1504 1009 1535 veneratione!
1056 1503 1149 1533 Then
1167 1504 1194 1534 is
1211 1504 1333 1543 added,
1350 1504 1395 1542 by

775 1558 794 1579 a
817 1549 902 1580 later
920 1549 1021 1588 hand,
1037 1551 1046 1566 ‘
1061 1549 1214 1589 Wedale,
1229 1550 1372 1589 Anglice
1386 1560 1395 1588 ;

775 1595 882 1626 Vallis
905 1596 1052 1634 Doloris,
1077 1596 1206 1626 Latine.
1256 1596 1396 1626 ll'edale

776 1642 854 1671 villa
870 1644 920 1672 est
943 1642 976 1672 in
999 1642 1171 1681 provincia
1187 1641 1396 1681 Lodonesiae,

775 1697 862 1718 nunc
888 1697 965 1718 vero
984 1689 1073 1727 juris
1103 1688 1252 1727 episcopi
1275 1689 1309 1719 S.
1327 1688 1397 1718 An-

774 1733 864 1764 dreae
902 1734 1036 1773 Scotiae,
1074 1744 1134 1765 sex
1172 1734 1316 1764 miliaria
1353 1735 1395 1765 ab

773 1780 973 1811 occidentali
990 1784 1083 1819 parte
1096 1782 1137 1811 ab
1154 1780 1211 1811 illo
1227 1780 1395 1818 quondam

773 1826 876 1856 nobili
891 1827 1090 1857 monasterio
1106 1827 1148 1857 de
1166 1827 1316 1858 Meli-053

820 1870 833 1890 ⁶
860 1873 955 1913 Ipsi]
990 1873 1061 1912 Ipsi
1082 1883 1160 1904 vero
1182 1873 1326 1913 barbari,
1348 1873 1394 1905 D.

821 1962 845 1981 ¹²
861 1965 901 1995 Id
924 1968 987 2005 est,
1003 1965 1046 1995 im
1073 1965 1260 2005 Berneich.]
1284 1965 1393 1996 These

773 2011 884 2042 words
909 2021 965 2042 are
992 2011 1130 2043 omitted
1152 2012 1186 2042 in
1209 2013 1337 2043 several
1360 2011 1400 2043 of

773 2057 827 2087 the
859 2058 957 2088 MSS.
990 2057 1100 2101 (Here
1139 2058 1311 2089 terminate
1347 2059 1391 2090 D.

773 2103 815 2134 E.
827 2104 890 2134 and
905 2102 971 2144 H.)

822 2147 847 2167 ¹²
877 2149 1066 2190 Ber-reeicit]
1106 2150 1270 2190 Bernech,
1295 2154 1329 2181 et
1359 2152 1392 2182 in

775 2195 854 2226 Cair
865 2197 1016 2236 Affrauc,
1027 2197 1068 2227 de
1080 2206 1200 2235 genere
1211 2197 1393 2236 Saxonum,

775 2243 908 2281 quando
960 2242 1144 2282 Gratianus
1190 2243 1393 2282 AEquantius

775 2289 891 2319 consul
906 2289 971 2320 fuit
985 2290 1018 2320 in
1035 2290 1152 2329 Roma,
1175 2290 1255 2328 quia
1278 2294 1355 2321 tunc
1372 2300 1393 2320 a

775 2336 968 2366 consulibus
990 2336 1215 2366 Romanorum
1238 2339 1327 2367 totus
1342 2346 1394 2367 or-

775 2381 826 2412 bis
852 2382 1042 2421 regebatur,
1064 2383 1213 2413 Saxones
1240 2392 1260 2413 a
1281 2382 1391 2414 Guor-

773 2427 924 2466 thegirno
948 2437 1020 2459 Α.ῐ).
1037 2431 1101 2460 447
1124 2429 1273 2467 suscepti
1295 2432 1393 2466 sunt;

774 2474 818 2504 ad
848 2474 936 2505 hunc
967 2484 1066 2512 quem
1096 2484 1184 2505 nunc
1215 2474 1392 2505 scribimus

774 2529 897 2550 annum
924 2523 986 2551 547
1010 2529 1241 2558 numeramus3
1264 2524 1298 2550 et
1320 2521 1393 2559 qui-

774 2575 904 2605 cunque
935 2566 997 2597 hoc
1034 2567 1166 2606 legerit,
1204 2567 1235 2596 in
1273 2567 1394 2597 melius

772 2616 947 2652 augeatur.
1019 2613 1206 2644 Praestante
1239 2612 1394 2652 Domino,

774 2655 868 2702 [eta]
904 2669 934 2690 α.
982 2658 1074 2689 Then
1105 2659 1134 2689 is
1163 2659 1309 2690 inserted
1338 2659 1393 2689 the

774 2705 909 2745 Legend
933 2704 970 2735 of
995 2705 1146 2736 Patrick.
1196 2705 1392 2740 Hiberneic,

126 2764 224 2788 cruce
245 2755 434 2793 Dominica‚
457 2755 493 2783 ut
517 2753 545 2783 ei
563 2752 658 2783 Deus
675 2753 741 2783 vic·
775 2752 817 2784 F.

1116 2800 1192 2841 ΞΕ
