2096 3246
497 298 555 339 36
861 307 1089 337 msromA
1124 306 1392 345 ssni'roNUM,

498 412 680 452 barbari
720 412 829 453 victi
867 417 990 461 sunt,
1022 418 1068 452 et
1110 412 1184 451 ille
1216 412 1362 451 victor
1393 409 1494 459 suit,
1524 414 1569 450 et
1600 409 1687 462 ipsi
1718 410 1764 449 in

499 477 656 530 sugam
676 479 796 519 versi
817 491 960 531 usque
992 478 1048 517 ad
1081 478 1224 517 ciulas
1252 489 1359 516 suas
1382 475 1551 515 reversi
1571 481 1693 524 sunt,
1717 476 1764 515 in

499 556 576 584 eas
598 545 878 585 muliebriter
900 545 1142 584 intrantes.
1215 541 1302 582 Ille
1324 547 1476 582 autem
1497 546 1601 593 post
1621 541 1763 580 modi-

499 622 601 650 cum
642 610 934 650 intervallum
984 614 1189 649 mortuus
1228 613 1312 657 est,
1345 613 1389 648 et
1430 612 1537 647 ante
1574 612 1765 646 mortem

499 688 629 716 suam
658 676 714 716 ad
744 676 962 716 familiam
989 688 1119 714 suain
1140 674 1272 722 dixit,
1292 678 1343 713 ut
1365 673 1622 725 sepulcrum
1643 672 1764 712 illius
1806 681 1825 709 5

499 742 547 781 in
577 747 713 794 portu
750 746 974 794 ponerent
1009 754 1037 780 a
1069 753 1159 792 quo
1199 740 1406 779 exierant
1444 751 1581 791 super
1619 738 1764 790 ripam

500 808 654 856 maris,
677 811 688 828 ‘
704 808 751 847 in
770 820 861 860 quo
883 807 1012 847 vobis
1048 805 1314 846 commendo
1333 818 1343 855 3
1377 805 1584 858 quamvis
1607 804 1654 843 in
1675 804 1766 844 alia

499 877 630 924 parte
657 878 838 925 portum
860 873 1133 912 Brittanniae
1164 877 1351 911 teneant
1373 877 1418 911 et
1442 870 1764 919 habitaverint,

500 942 654 977 tamen
688 938 735 977 in
768 939 858 977 ista
893 944 1014 978 terra
1047 938 1094 977 in
1126 942 1347 977 aeternum
1370 950 1460 976 non
1483 935 1764 976 manebunt?

501 1002 578 1042 Illi
612 1007 765 1042 autem
795 1003 1061 1042 mandatum
1085 1002 1184 1055 ejus
1216 1008 1572 1050 contemserunt,
1595 1006 1640 1041 et
1661 1014 1761 1041 eum
1784 1009 1825 1036 1⁰

499 1068 546 1108 in
565 1068 681 1116 loco,
705 1069 752 1108 in
776 1081 866 1121 quo
887 1069 1193 1120 imperaverat
1213 1067 1319 1116 illis,
1339 1081 1431 1107 non
1450 1067 1742 1119 sepelierunt.

569 1134 682 1187 §45
716 1133 782 1174 At
816 1135 997 1174 barbari
1041 1133 1212 1174 reversi
1255 1138 1363 1173 sunt
1407 1145 1576 1184 magno
1613 1145 1764 1184 opere,

499 1213 602 1239 cum
636 1199 993 1252 Guorthigirnus
1025 1200 1197 1239 amicus
1231 1199 1411 1239 illorum
1449 1204 1548 1238 erat
1578 1203 1766 1251 propter

499 1279 690 1306 uxorem
737 1279 883 1316 suam,
925 1272 971 1306 et
1011 1266 1163 1305 nullus
1206 1278 1283 1305 eos
1323 1266 1506 1317 abigere
1547 1264 1765 1304 audacter

500 1332 660 1380 valuit,
708 1333 815 1384 quia
864 1346 956 1373 non
1004 1332 1059 1371 de
1111 1332 1281 1372 virtute
1329 1344 1412 1371 sua
1454 1331 1763 1371 Brittanniam
1784 1340 1823 1368 15

500 1403 856 1449 occupaverunt,
889 1398 967 1437 sed
1003 1398 1058 1437 de
1094 1404 1209 1437 nutu
1244 1397 1361 1447 Dei3
1406 1402 1566 1437 contra
1602 1396 1763 1436 volun-

500 1468 642 1503 tatem
667 1463 755 1503 Dei
780 1464 881 1515 quis
912 1463 1079 1515 poterit
1111 1468 1156 1503 et
1190 1463 1396 1502 nitatur?
1430 1462 1508 1502 sed
1537 1462 1764 1514 quomodo

500 1529 646 1569 voluit
674 1529 900 1569 Dominus
929 1528 1051 1578 fecit,
1079 1533 1124 1569 et
1149 1529 1248 1581 ipse
1274 1540 1429 1568 omnes
1459 1534 1619 1580 gentes
1647 1528 1766 1580 regit

500 1600 545 1635 et
565 1596 803 1647 gubernat.
1398 1604 1407 1609 ”

284 1676 344 1701 The
357 1675 470 1714 Bnritons
567 1661 761 1701 Factum
798 1666 868 1701 est
903 1666 1056 1701 autem
1086 1666 1191 1714 post
1230 1665 1421 1700 mortem
1453 1659 1825 1710 Gu01·themir,20

280 1710 470 1773 {ivsffinsssff-‘i
498 1726 618 1778 regis
641 1726 959 1779 Guorthigirni
980 1727 1074 1775 filii,
1096 1732 1142 1767 et
1172 1732 1277 1778 post
1306 1727 1611 1766 reversionem
1632 1725 1764 1765 Hen-

282 1782 341 1801 ons.

285 557 341 582 and
354 557 447 582 death.

285 1141 431 1171 Vortigem

285 1175 398 1199 favours
412 1175 460 1199 the

285 1208 402 1232 Saxons.

545 1847 558 1865 ²
582 1849 714 1878 Rei-ersi
726 1844 831 1890 sunt]
847 1848 953 1877 Mersi
970 1846 1108 1886 sunt,A.

546 1893 558 1911 ³
581 1892 776 1935 illodicum]
808 1896 879 1925 Om.
898 1893 926 1923 b.

546 1938 560 1958 ⁵
584 1937 715 1983 Suam]
764 1941 878 1978 Suam,
915 1939 1037 1969 futurae
1068 1939 1115 1969 rei

500 1996 616 2017 casum
632 1987 818 2025 advertens,
842 1986 928 2016 dixit
953 1986 995 2015 ad
1021 1985 1117 2015 fami-

500 2033 580 2063 liam
612 2042 719 2071 suam,
746 2033 755 2049 ‘
774 2032 918 2071 Sepelite
957 2032 990 2062 in
1018 2035 1115 2069 portu

501 2079 578 2108 ostii
610 2079 763 2109 introitus
795 2079 963 2109 Saxonum
995 2087 1116 2116 corpus

501 2134 623 2163 meum,
640 2125 674 2154 id
690 2128 751 2162 est,
776 2134 878 2163 supra
894 2124 999 2162 ripam
1016 2124 1117 2154 maris

503 2181 523 2201 a
555 2180 621 2208 quo
652 2172 795 2209 primum
832 2172 1004 2209 venerunt,
1037 2170 1118 2208 quia

503 2217 668 2255 quamvis,
685 2228 714 2247 a.

551 2260 563 2279 ⁶
590 2259 783 2304 Exierant]
825 2262 986 2292 Exierent
1017 2257 1116 2304 [Sax-

503 2317 595 2345 ones,
613 2307 731 2345 marg]
764 2308 808 2337 D.
828 2307 857 2337 b.

552 2352 575 2370 ¹¹
616 2349 847 2395 Sepeliermzt]
895 2352 1114 2391 Sepelierunt.

504 2399 545 2429 In
562 2399 736 2429 Lincolnia
762 2400 848 2429 enim
878 2399 1030 2437 sepultus
1054 2402 1115 2437 est,

504 2448 537 2475 et
564 2446 592 2475 si
616 2445 808 2475 mandatum
832 2446 905 2483 ejus
932 2445 1118 2474 tenuissent

504 2491 724 2530 proculdubio
739 2500 798 2529 per
813 2491 976 2520 orationes
988 2490 1021 2520 S.
1034 2490 1115 2520 Ger-

504 2538 593 2567 mani
615 2537 776 2575 quicquid
799 2536 964 2575 petierant
987 2537 1116 2567 obtinu-

503 2583 618 2620 issent,
636 2583 665 2613 Ι.

553 2627 577 2646 ¹²
594 2625 710 2672 Sunt]
730 2629 825 2666 Sunt,
841 2631 873 2658 et
888 2628 1117 2658 transmarinis

505 2674 653 2714 Paganis
666 2675 928 2712 auxiliabantur,
942 2674 986 2704 D.
1000 2683 1118 2713 marg„

502 2731 532 2750 α.

553 2763 578 2783 ¹³
604 2761 713 2808 Ciam]
738 2765 888 2795 Maxime
906 2765 1007 2803 quod,
1023 2775 1053 2795 α.

552 2809 576 2829 ¹⁴
601 2810 727 2849 Suana]
764 2812 877 2850 Suam,
905 2820 1004 2849 quam
1032 2811 1135 2841 adeo.

1150 1845 1322 1885 diligebat,
1338 1850 1376 1876 ut
1392 1846 1504 1876 nullus
1527 1846 1665 1876 auderet
1688 1857 1763 1877 con-

1150 1895 1200 1922 tra
1238 1902 1294 1922 eos
1331 1902 1494 1931 pugnare,
1524 1893 1604 1930 quia
1642 1893 1762 1923 blande

1151 1938 1355 1968 deliniebant
1380 1948 1491 1977 regem
1507 1938 1762 1978 imprudentem,

1151 1985 1300 2022 viperino
1349 1988 1458 2014 tamen
1507 1984 1605 2014 corde
1650 1984 1763 2015 dolum

1152 2034 1300 2069 agentes,
1317 2033 1349 2060 et
1365 2031 1489 2069 nullus,
1502 2030 1546 2060 D.
1560 2040 1677 2070 marg„
1689 2041 1720 2061 α.
1732 2030 1761 2062 b.

1199 2074 1253 2106 1⁴A
1261 2074 1397 2119 higere]
1409 2077 1555 2115 Abigere
1566 2077 1666 2115 ultra,
1678 2077 1720 2107 E.
1733 2077 1762 2108 I.

1200 2121 1225 2140 ¹⁶
1248 2123 1339 2162 De1'.]
1369 2123 1504 2161 Divino,
1531 2126 1665 2161 propter
1687 2132 1764 2161 pec-

1152 2172 1228 2199 cata
1252 2169 1399 2199 maxima
1425 2169 1599 2198 Britonum
1615 2169 1690 2199 Deo
1715 2170 1763 2200 sic

1152 2215 1377 2254 permittente,
1394 2215 1439 2245 D.
1457 2224 1575 2253 marg„
1590 2225 1620 2245 a.
1639 2214 1668 2245 b.

1198 2258 1222 2278 2¹
1249 2261 1360 2301 Filii]
1385 2261 1475 2299 Filii,
1486 2261 1764 2299 Henegestocon-

1151 2306 1270 2336 fortato
1301 2310 1334 2336 et
1359 2307 1400 2336 ad
1434 2316 1468 2336 se
1500 2306 1613 2336 multis
1644 2307 1763 2336 iterum

1151 2352 1293 2382 navibus
1324 2353 1546 2390 congregatis,
1572 2362 1647 2381 cum
1679 2353 1765 2382 seni-

1151 2398 1264 2428 oribus
1291 2398 1361 2427 suis
1383 2398 1495 2428 dolum
1518 2398 1765 2437 Guorthegirno

1151 2445 1222 2482 regi
1239 2447 1271 2474 et
1287 2453 1347 2474 suo
1363 2444 1525 2474 exercitui
1541 2445 1766 2482 praeparavit;

1152 2490 1354 2528 mittensque
1371 2490 1413 2520 ad
1430 2499 1541 2529 regem
1563 2490 1691 2529 legatos
1707 2491 1765 2520 do-

1151 2535 1221 2565 lose
1244 2545 1360 2574 pacem
1383 2537 1468 2566 inter
1492 2546 1527 2566 se
1550 2536 1685 2566 formari
1707 2537 1764 2566 de-

1152 2585 1319 2621 precatur,
1350 2586 1387 2612 ut
1417 2585 1580 2620 perpetua
1617 2582 1764 2612 amicitia

1152 2628 1238 2657 inter
1261 2637 1296 2658 se
1322 2631 1502 2658 uterentur.
1553 2628 1627 2657 Rex
1650 2631 1762 2658 autem

1152 2673 1277 2703 inscius
1300 2674 1368 2703 doli
1391 2684 1466 2704 cum
1489 2673 1674 2703 senioribus
1691 2674 1762 2704 suis

1152 2720 1345 2750 consiliatus
1361 2723 1410 2750 est
1425 2729 1541 2758 pacem
1557 2728 1631 2748 cum
1650 2719 1762 2749 Hene-

1153 2769 1245 2803 gesto
1262 2766 1395 2803 habere,
1411 2769 1443 2795 et
1467 2765 1668 2795 discordiam
1693 2766 1761 2795 bel-

1152 2811 1257 2841 lorum
1279 2821 1427 2842 renuere.
1478 2811 1595 2850 Legati
1615 2820 1692 2841 vero
1710 2821 1759 2841 re-
