2096 3246
473 306 530 346 28
837 317 1065 347 HISTORIA
1102 315 1368 354 BRlTONUM,

474 423 611 471 atque
641 424 821 460 astutus
849 425 893 460 et
922 421 1128 469 callidus,
1151 433 1252 460 cum
1280 420 1565 473 explorasset
1603 434 1739 474 super

474 498 625 537 regem
658 486 848 526 inertem
884 492 927 526 et
961 499 1097 539 super
1129 492 1310 537 gentem
1342 487 1478 535 illius,
1499 487 1617 539 quod
1639 488 1736 527 sine

473 552 610 591 armis
651 553 910 601 utebantur,
947 553 1059 592 inito
1091 552 1296 601 consilio,
1328 552 1445 592 dixit
1485 553 1541 592 ad
1582 566 1736 605 regem

258 616 454 676 ζιξξξῖῑζξηξξῇῒδ
473 616 827 667 Brittannicum,
864 622 876 638 ‘
896 617 1039 657 Pauci
1067 631 1239 667 sumus,
1262 619 1299 657 si
1322 619 1390 658 vis
1413 618 1644 658 mittemus
1677 619 1734 659 ad

257 683 420 746 ffiissnGer‘
470 684 665 735 patriam
688 689 906 733 nostram,
920 689 971 724 ut
990 684 1234 724 invitemus
1255 684 1421 724 milites
1443 684 1497 724 de
1518 685 1735 725 militibus
1776 702 1794 729 5

470 755 639 790 nostrae
657 750 871 801 regionis,
888 755 939 790 ut
961 750 1153 803 amplior
1171 751 1230 790 sit
1245 763 1458 790 numerus
1479 751 1535 790 ad
1556 757 1734 791 certan-

468 814 575 854 dum
597 829 679 868 pro
701 821 761 865 te,
790 822 835 856 et
856 829 937 868 pro
958 822 1094 868 gente
1115 817 1225 856 tua.’
1296 816 1355 856 Et
1374 817 1448 856 ille
1469 817 1731 869 impetravit

467 886 518 920 ut
539 880 756 929 facerent,
773 887 819 921 et
839 883 1075 931 miserunt,
1092 887 1137 922 et
1157 882 1297 934 legati
1317 883 1731 923 transfretaverunt

466 950 594 985 trans
616 946 859 998 Tythicam
880 947 1061 996 vallem,
1084 952 1129 987 et
1157 949 1325 988 reversi
1345 954 1452 988 sunt
1473 962 1574 988 cum
1597 949 1726 988 ciulis

470 1011 681 1060 sedecim,
715 1016 759 1051 et
792 1012 958 1052 milites
993 1013 1125 1052 electi
1154 1019 1379 1053 venerunt
1408 1014 1454 1052 in
1488 1014 1592 1062 illis,
1613 1020 1659 1054 et
1687 1015 1733 1054 in
1756 1027 1796 1055 10

466 1089 559 1117 una
580 1077 699 1117 ciula
731 1090 788 1116 ex
822 1077 887 1117 eis
921 1078 1047 1118 venit
1074 1077 1228 1130 puella
1260 1078 1420 1131 pulcra
1452 1078 1567 1118 facie
1596 1084 1733 1131 atque

465 1143 683 1183 decorosa
702 1143 851 1191 valde,
873 1143 967 1182 filia
981 1142 1251 1195 Hencgesti.
1303 1143 1556 1196 Postquam
1578 1150 1730 1185 autem

464 1210 698 1250 venissent
718 1209 864 1259 ciulae,
879 1209 984 1249 fecit
1000 1209 1284 1262 Hencgistus
1307 1211 1565 1250 convivium
1581 1209 1732 1251 Guor-

465 1274 665 1328 thigirno
702 1280 746 1315 et
787 1275 1006 1315 militibus
1038 1276 1147 1324 suis,
1180 1280 1223 1315 et
1255 1276 1492 1329 interpreti
1523 1290 1621 1326 suo,
1654 1278 1731 1330 qui

463 1342 715 1381 vocabatur
750 1340 942 1390 Ceretic,
979 1346 1023 1381 et
1061 1341 1259 1394 puellam
1292 1342 1432 1395 jussit
1471 1343 1730 1384 ministrare
1750 1355 1789 1383 15

462 1407 552 1446 illis
574 1408 730 1447 vinum
753 1413 797 1448 et
819 1408 1026 1456 siceram,
1049 1413 1093 1448 et
1113 1408 1324 1448 inebriati
1344 1414 1449 1448 sunt
1472 1414 1516 1448 et
1536 1411 1731 1450 saturati

463 1473 611 1513 nimis.
683 1472 783 1512 Illis
811 1478 964 1513 autem
989 1473 1263 1522 bibentibus,
1282 1474 1471 1514 intravit
1497 1473 1727 1515 Sathanas

460 1538 507 1578 in
529 1538 663 1578 corde
684 1537 974 1591 Gurthigirni
999 1544 1051 1580 ut
1072 1544 1246 1579 amaret
1267 1540 1480 1591 puellam,
1499 1545 1544 1580 et
1564 1546 1723 1593 postu-

461 1604 575 1644 lavit
609 1618 708 1645 eam
745 1618 772 1645 a
804 1610 933 1658 patre
968 1618 1050 1646 suo
1078 1618 1159 1658 per
1179 1605 1475 1658 interpretem
1511 1619 1658 1656 suum,
1682 1612 1728 1648 et

460 1670 593 1719 dixit,
616 1674 627 1691 ‘
647 1670 794 1711 Omne
813 1671 934 1724 quod
955 1672 1162 1723 postulas
1185 1684 1211 1711 a
1230 1684 1302 1711 me
1320 1673 1600 1724 impetrabis,
1621 1673 1729 1714 licet
1745 1683 1788 1712 20

459 1736 693 1776 dimidium
721 1737 852 1789 regni
877 1738 996 1778 mei.’
1082 1737 1141 1777 Et
1165 1736 1464 1790 Hencgistus,
1484 1739 1598 1779 inito
1618 1752 1726 1780 con—

459 1802 561 1843 silio
595 1816 697 1843 cum
723 1804 816 1843 suis
850 1804 1120 1852 senioribus,
1142 1804 1219 1856 qui
1247 1810 1467 1844 venerant
1496 1818 1649 1845 secum
1671 1805 1727 1846 de
1758 1815 1762 1819 ⁴

457 1868 609 1909 insula
625 1869 827 1922 Oghgul,
845 1870 951 1921 quid
969 1875 1175 1922 peterent
1192 1870 1288 1921 regi
1301 1883 1383 1923 pro
1400 1871 1566 1923 puella,
1585 1884 1726 1911 unum

457 1935 697 1975 consilium
729 1948 831 1975 cum
862 1936 951 1975 illis
984 1936 1192 1976 omnibus
1212 1935 1313 1985 fuit,
1335 1942 1385 1977 ut
1416 1942 1625 1989 peterent
1654 1951 1724 1978 re-

455 2001 652 2052 gionem,
673 2014 775 2054 quae
796 2002 844 2041 in
864 2001 1024 2054 lingua
1043 2015 1197 2042 eorum
1218 2008 1409 2042 vocatur
1432 2001 1720 2055 Cantguara-
1744 2010 1784 2038 25

456 2067 578 2117 land,
611 2068 658 2107 111
694 2073 851 2108 nostra
890 2073 1042 2108 autem
1081 2068 1240 2120 lingua
1272 2067 1436 2109 Chent.
1508 2069 1568 2109 Et
1603 2069 1728 2110 dedit

502 2227 767 2271 ¹Explorasset]
789 2231 1072 2271 Explorassetque
1088 2232 1090 2301 y
1107 2233 1252 2272 studeat,
1284 2233 1341 2271 qui
1372 2234 1473 2273 legat,
1506 2243 1572 2272 quo
1603 2238 1723 2265 eventu

453 2285 565 2314 regem
581 2277 751 2307 indoctum
775 2281 807 2307 et
831 2282 962 2317 gentem
978 2280 1072 2318 vagi·
1107 2280 1217 2309 evenit
1232 2279 1297 2317 ipsi
1313 2280 1384 2309 viro
1400 2279 1585 2318 intelligere
1602 2290 1723 2310 sermo-

452 2325 587 2360 tantem,
603 2326 635 2352 et
652 2324 721 2354 sine
745 2324 846 2355 armis
871 2334 1073 2356 commoran-
1106 2334 1180 2354 nem
1212 2325 1391 2355 Saxonum.
1443 2325 1631 2364 Hengistus
1662 2327 1724 2356 ita-

453 2371 532 2406 tem,
548 2369 640 2406 inito,
656 2379 686 2400 α.
1088 2367 1089 2391 ἶ
1105 2381 1169 2409 que
1186 2371 1332 2409 puellam
1345 2371 1460 2410 jussit,
1488 2372 1530 2402 G.
1551 2372 1578 2402 I.
1596 2373 1642 2403 K.
1657 2383 1665 2410 ;
1689 2373 1723 2402 in

499 2412 512 2432 2
539 2415 631 2449 Quod
655 2438 662 2445 .
690 2438 697 2445 .
723 2439 730 2446 .
750 2415 946 2456 utebantur]
983 2417 1070 2449 Quae
1104 2417 1215 2447 which
1238 2417 1303 2447 last
1319 2417 1392 2448 MS.
1411 2419 1419 2434 ‘
1433 2417 1554 2448 Elmet’
1570 2419 1598 2448 is
1616 2428 1657 2448 an
1674 2419 1722 2448 in-

489 2484 495 2491 .
523 2484 530 2491 .
554 2461 723 2500 utebatur,
738 2461 782 2493 A.
801 2462 844 2493 B.
1088 2457 1261 2499 {terlinear
1291 2463 1391 2502 gloss.
1444 2464 1488 2494 N.
1520 2464 1634 2502 places
1665 2464 1721 2495 the

500 2505 513 2523 9
542 2507 709 2547 Tythicnm
724 2509 865 2548 vallem]
891 2508 1070 2539 Scithicam
1087 2510 1089 2516 '
1103 2509 1212 2540 whole
1229 2510 1263 2539 in
1278 2509 1333 2540 the
1349 2510 1490 2548 margin.

452 2553 585 2592 vallem,
603 2554 646 2584 D.
666 2555 706 2584 E.
727 2554 778 2593 b.;
802 2555 975 2594 Scithiam,
991 2565 1021 2586 ιι.
1087 2559 1088 2599 ᾗ
1151 2553 1178 2573 ‘²3
1206 2555 1369 2596 Oghgul.]
1420 2556 1547 2595 Angul,
1586 2557 1628 2588 E.
1663 2557 1692 2588 b.
1712 2568 1721 2596 ;

499 2598 511 2618 9
531 2600 636 2630 (iulis
655 2600 723 2640 lo]
750 2601 881 2632 Chiulis
898 2604 951 2641 17,
969 2601 1013 2633 D.
1027 2602 1069 2632 E.
1104 2601 1251 2641 Oehgul,
1268 2602 1336 2643 (vel
1351 2601 1498 2642 Tingle,)
1519 2612 1548 2633 a.

456 2646 498 2676 G.
518 2645 566 2676 H.
584 2646 627 2677 P.
1086 2650 1088 2667 ⁴
1148 2645 1175 2666 2⁵
1194 2649 1486 2688 Cantgzmraland]
1511 2649 1720 2688 Canturguo-

499 2690 524 2709 ¹⁵
551 2692 704 2732 Cet-etia]
729 2693 862 2731 Cerdic,
878 2694 923 2724 D.
941 2694 983 2725 E.
1002 2694 1045 2724 P.
1061 2705 1069 2732 ;
1086 2695 1205 2733 walen,
1222 2695 1264 2726 A.
1283 2695 1327 2725 B.
1347 2696 1384 2725 C.
1399 2705 1406 2732 ;
1432 2695 1719 2734 Contgauralaun,

452 2737 571 2768 Cerdic
611 2739 731 2778 Elmet,
780 2740 872 2770 nullo
918 2741 1069 2770 Brittone
1086 2737 1087 2747 ¹
1103 2741 1166 2778 E.;
1191 2751 1267 2780 quae
1295 2744 1434 2771 vocatur
1450 2741 1592 2780 Anglice
1620 2742 1719 2772 Cent-

453 2784 638 2815 Brittonum
656 2786 779 2816 sciente
793 2786 989 2817 Saxonicam
1006 2787 1067 2816 lin·
1085 2786 1193 2827 ‘'land,
1211 2787 1402 2818 Britannice
1419 2790 1529 2817 autem
1548 2788 1670 2827 Caeint,
1687 2800 1716 2819 a.

451 2840 549 2867 guam
575 2835 695 2869 pra>ter
726 2832 824 2862 istum
860 2833 1041 2863 Brittonem
1058 2844 1065 2871 ;
