2096 3246
496 268 552 309 18
859 279 1087 309 ffls'romA
1122 278 1330 308 BnlroNU
1339 279 1389 316 M,

498 382 789 423 nativitatem
828 381 1016 431 Christi,
1039 381 1096 422 ab
1124 381 1254 421 initio
1279 385 1431 421 autem
1450 381 1607 422 mundi
1630 380 1762 434 quin-

499 461 587 502 que
609 449 752 489 millia
773 448 1073 489 ducentorum
1092 447 1364 500 quindecim.

566 514 720 555 Julius
753 515 895 567 igitur
920 513 1092 566 primus
1121 514 1167 553 in
1200 511 1512 553 Brittanniam
1541 512 1766 564 pervenit,

501 585 547 622 et
567 594 760 633 regnum
782 585 828 621 et
849 584 1032 633 gentem
1063 579 1211 619 tenuit
1231 592 1240 629 ;
1274 584 1320 619 et
1340 579 1388 619 in
1407 577 1625 618 honorem
1643 579 1765 618 illius

503 645 755 697 Quintilem
777 658 979 686 mensem
999 645 1028 686 J
1033 645 1176 685 ulium
1205 644 1368 685 debere
1391 644 1590 684 Romani
1611 644 1765 684 decre·
1804 660 1823 688 5

501 718 667 754 verunt
687 713 857 753 vocari.
928 712 989 752 Et
1008 711 1156 752 idibus
1174 710 1340 751 Martis
1362 711 1439 763 [15
1461 710 1510 750 M
1517 710 1604 762 ar.]
1628 710 1767 751 Caius

502 778 656 819 Julius
697 778 855 820 Caesar
894 779 942 818 in
983 778 1110 818 curia
1140 777 1376 826 occiditur,
1408 782 1592 817 tenente
1627 776 1768 817 Octa-

501 845 639 886 viano
662 844 877 897 Augusto
898 844 1209 885 monarchiam
1236 844 1377 884 totius
1404 842 1576 892 mundi,
1598 847 1644 883 et
1664 855 1769 883 cen-

503 922 603 950 sum
625 924 653 951 a
675 911 940 951 Brittannia
972 911 1071 963 ipse
1100 910 1225 950 solus
1254 909 1446 963 accepit,
1474 914 1526 949 ut
1544 908 1771 961 Virgilius

504 976 597 1016 ait:
1788 982 1829 1010 10

602 1071 613 1088 ‘
630 1066 871 1120 Purpurea
888 1067 1056 1107 intexti
1077 1066 1243 1107 tollant
1264 1067 1412 1107 aulaea
1433 1066 1676 1107 Britanni.'

575 1192 690 1246 §2L
723 1191 960 1232 Secundus
992 1197 1097 1245 post
1128 1192 1248 1233 hunc
1275 1192 1495 1233 Claudius
1526 1191 1774 1244 imperator

507 1259 649 1308 venit,
663 1263 709 1299 et
723 1258 771 1298 in
781 1259 1313 1311 Brittanniaimperavit,
1323 1259 1456 1299 annis
1467 1257 1773 1311 quadraginta

508 1330 612 1365 octo
632 1329 738 1378 post
757 1325 1005 1366 adventum
1028 1324 1215 1375 Christi,
1238 1330 1283 1366 et
1305 1329 1505 1377 stragem
1532 1330 1578 1365 et
1605 1323 1774 1363 bellum

508 1390 616 1431 fecit
657 1403 891 1443 magnum,
923 1404 1015 1432 non
1060 1392 1231 1443 absque
1261 1391 1532 1432 detrimento
1563 1389 1774 1437 militum,
1793 1399 1833 1426 15

508 1461 662 1497 tamen
699 1457 846 1497 victor
879 1457 966 1497 fuit
999 1457 1047 1496 in
1083 1457 1361 1505 Brittannia,
1400 1462 1445 1497 et
1479 1461 1642 1509 postea
1672 1468 1775 1495 cum

510 1522 640 1562 ciulis
659 1523 861 1575 perrexit
883 1522 940 1562 ad
959 1521 1161 1579 Orcades
1182 1523 1373 1572 insulas,
1394 1528 1440 1563 et
1459 1521 1653 1575 subjecit
1673 1521 1774 1569 sibi,

509 1593 555 1629 et
573 1588 682 1629 fecit
704 1600 781 1628 eas
804 1588 1085 1629 tributarias.
1159 1588 1217 1628 In
1238 1593 1441 1642 tempore
1460 1588 1581 1628 illius
1603 1586 1778 1640 quievit

509 1654 618 1694 dare
652 1667 839 1694 censum
867 1654 1091 1695 Romanis
1114 1667 1142 1694 a
1164 1655 1443 1704 Brittannia,
1465 1654 1544 1694 sed
1567 1654 1774 1694 Brittan-

509 1720 624 1760 nicis
650 1721 1002 1773 imperatoribus
1029 1720 1255 1761 redditum
1284 1726 1367 1762 est.
1440 1719 1676 1772 Regnavit
1696 1731 1776 1759 au·
1795 1730 1836 1759 20

509 1791 603 1827 tem
627 1787 759 1827 annis
791 1786 1021 1835 tredecim,
1053 1787 1283 1827 mensibus
1315 1791 1435 1835 octo,
1455 1786 1586 1840 cujus
1615 1798 1777 1825 monu-

510 1857 714 1893 mentum
733 1853 781 1892 in
802 1852 1047 1905 Mogantia
1076 1853 1197 1905 apud
1220 1852 1550 1905 Longobardos
1577 1851 1778 1892 ostendi-

511 1922 612 1969 tur;
645 1918 738 1967 ubi,
758 1918 865 1958 dum
886 1919 943 1958 ad
966 1918 1164 1959 Romam
1185 1919 1296 1968 ibat,
1317 1918 1559 1959 defunctus
1579 1922 1663 1958 est.

581 1984 696 2037 §22
730 1984 847 2025 Post
867 1989 1049 2024 centum
1080 1989 1126 2025 et
1156 1985 1402 2037 sexaginta
1433 1989 1608 2037 septem
1633 1995 1779 2023 annos

512 2055 619 2103 post
643 2050 891 2091 adventum
924 2050 1110 2099 Christi,
1144 2050 1313 2091 Lucius
1334 2050 1650 2091 Brittannicus
1680 2062 1779 2098 rex,
1797 2061 1838 2090 25

514 2129 617 2156 cum
648 2117 857 2157 omnibus
891 2117 1062 2169 regulis
1098 2117 1239 2157 totius
1271 2116 1574 2157 Brittannicae
1610 2115 1778 2168 gentis,

512 2182 789 2235 baptismum
799 2183 1015 2236 suscepit,
1028 2183 1406 2235 missalegatione
1424 2183 1480 2223 ab
1496 2181 1781 2235 imperatori-

514 2248 599 2288 bus
620 2248 952 2298 Romanorum,
974 2253 1020 2289 et
1041 2261 1068 2288 a
1088 2261 1210 2301 papa
1231 2249 1443 2290 Romano
1465 2248 1754 2288 Eucharisto.

561 2397 575 2417 2
609 2399 827 2439 Quindecim]
868 2400 928 2431 xii.
951 2411 981 2431 a.
1000 2400 1029 2431 b.
1054 2400 1083 2430 L
1100 2403 1132 2439 2,
1215 2398 1241 2418 ²⁵
1265 2401 1414 2441 Lucius]
1446 2401 1584 2441 Lucius,
1609 2405 1783 2442 agnomine

516 2455 622 2485 marg.
635 2456 644 2483 ;
669 2446 711 2476 P.
729 2455 834 2485 marg.
1169 2446 1275 2477 Lever
1286 2448 1400 2485 Maur,
1410 2447 1445 2477 id
1455 2451 1516 2486 est,
1527 2448 1536 2464 ‘
1546 2448 1665 2487 Magni
1674 2451 1784 2489 splen-

562 2490 575 2510 9
604 2491 634 2522 V
636 2491 794 2531 irgilius]
819 2491 943 2531 Georg.
960 2492 995 2523 ii.
1013 2495 1067 2523 25.
1168 2492 1281 2532 doris,’
1297 2497 1431 2532 propter
1446 2494 1556 2533 fidem,
1573 2504 1649 2533 quae
1661 2495 1695 2526 in
1710 2498 1784 2537 ejus

564 2535 589 2556 ¹3
614 2538 840 2576 Quadraginta
855 2538 950 2578 octa]
975 2541 1030 2577 47,
1045 2549 1075 2569 α.
1167 2542 1312 2577 tempore
1329 2540 1430 2578 venit,
1455 2541 1500 2571 K.
1517 2550 1622 2580 marg.
1639 2541 1680 2573 L.

563 2580 590 2601 ¹⁶
614 2581 760 2627 Tamen]
802 2584 834 2614 A
859 2585 1022 2623 marginal
1043 2584 1133 2624 gloss
1215 2582 1241 2605 27
1264 2586 1543 2627 Imperator-ibus]
1568 2587 1784 2629 Imperatore,

515 2630 550 2660 in
566 2630 610 2660 P.
627 2630 712 2660 adds
729 2631 738 2647 ‘
749 2630 818 2661 sive
834 2631 1028 2669 nunquam.'
1169 2631 1213 2662 Β.
1229 2632 1267 2663 C.

563 2673 588 2694 2¹
617 2671 727 2719 Octa]
752 2677 898 2715 Septem,
916 2677 959 2708 P.
1215 2674 1242 2695 ²3
1264 2678 1486 2718 Eucharisto]
1512 2679 1679 2718 Evaristo,
1694 2680 1788 2713 B.C.

562 2719 589 2740 2¹
612 2722 695 2753 Post
720 2725 782 2753 167
804 2723 930 2763 annos]
955 2723 1039 2754 Post
1070 2726 1133 2755 164
1170 2723 1214 2755 D.
1230 2734 1259 2755 α.
1309 2725 1349 2755 In
1370 2725 1414 2756 P.
1434 2725 1490 2755 the
1516 2725 1688 2765 following
1709 2730 1786 2758 note

516 2777 632 2808 aImOS,
651 2769 695 2799 K.
713 2769 753 2799 L.
771 2769 800 2799 L
812 2772 843 2808 2,
863 2770 907 2800 N.
922 2770 963 2800 Ρ.
980 2770 1021 2800 R.
1150 2759 1153 2807 Ι
1169 2770 1197 2800 is
1225 2770 1335 2801 added
1361 2771 1405 2809 by
1421 2771 1476 2801 the
1498 2773 1639 2811 original
1666 2773 1786 2813 scribe,
