2096 3246
500 285 556 324 44
864 292 1090 322 msromA
1125 291 1394 328 BRiToNUM,

503 397 642 445 niam,
660 395 989 449 etpraedicavit
1009 396 1069 436 ibi
1091 409 1181 435 non
1202 395 1357 435 multis
1373 393 1548 443 diebus,
1568 399 1613 434 et
1632 393 1768 434 amis-

501 463 564 502 sis
595 463 803 502 omnibus
836 461 1098 502 ambulandi
1126 461 1424 509 anfractibuS,
1447 472 1624 499 summa
1643 460 1767 499 velo-

502 529 641 569 citate
681 528 883 581 flatuque
918 540 1137 581 prospero
1170 540 1295 566 mare
1331 526 1632 565 Hibernicum
1665 538 1767 564 cum

503 595 610 634 navi
637 594 885 634 descendit.
959 593 1163 633 Onerata
1182 606 1291 633 vero
1323 592 1454 631 navis
1483 604 1585 631 cum
1617 595 1767 631 trans-

503 661 690 700 marinis
710 659 990 699 mirabilibus
1012 664 1057 699 et
1078 659 1391 711 spiritualibus
1411 657 1652 706 thesauris,
1666 669 1768 709 per·
1809 671 1828 698 5

505 727 625 767 rexit
648 726 703 766 ad
737 726 1011 765 Hiberniam
1031 730 1076 765 et
1098 725 1350 777 baptizavit
1372 736 1465 764 eOS.

574 792 687 845 §53
722 791 765 832 A
787 792 943 832 mundi
974 791 1198 844 principio
1230 803 1373 843 usque
1406 790 1463 830 ad
1492 789 1770 842 baptismum

508 858 899 906 Hiberniensium,
932 858 1132 909 quinque
1164 857 1307 896 millia
1345 856 1537 896 trecenti
1578 855 1771 907 triginta

505 924 613 963 anni
633 928 768 973 sunt;
801 923 848 962 in
869 923 1029 975 quinto
1049 936 1171 962 anno
1195 922 1407 975 Loygare
1426 922 1547 973 regis
1578 933 1770 961 exorsus

506 994 575 1029 est
595 988 844 1041 praedicare
865 988 998 1027 fidem
1020 987 1206 1028 Christi.

574 1055 596 1108 ξ
636 1055 707 1095 54.
759 1054 956 1094 Sanctus
994 1054 1150 1106 itaque
1193 1052 1424 1092 Patricius
1467 1051 1771 1103 Evangelium

508 1120 680 1161 Christi
715 1120 917 1161 externis
956 1120 1217 1160 nationibus
1260 1131 1341 1171 per
1386 1130 1532 1159 annos
1573 1117 1770 1170 quadra-

506 1187 636 1240 ginta
696 1186 992 1239 praedicabat,
1059 1186 1254 1226 virtutes
1307 1184 1584 1236 apostolicas
1648 1183 1771 1233 fecit,

510 1265 656 1293 caecos
693 1253 996 1301 illuminabat,
1035 1252 1240 1305 leprosos
1293 1250 1560 1299 mundabat,
1609 1250 1772 1290 surdos

507 1320 663 1359 audire
690 1319 901 1366 faciebat,
940 1318 1171 1358 daemones
1200 1318 1256 1357 ab
1279 1317 1476 1357 obsessis
1507 1316 1772 1368 corporibus
1791 1329 1831 1357 15

506 1385 725 1436 fugiebat,
747 1390 950 1425 mortuos
979 1397 1167 1424 numero
1188 1396 1332 1435 usque
1354 1383 1411 1422 ad
1433 1395 1597 1422 novem
1629 1382 1772 1421 susci—

508 1451 639 1499 tavit,
666 1451 873 1503 captivos
906 1450 1074 1490 multos
1105 1450 1343 1501 utriusque
1375 1461 1513 1488 sexus
1544 1448 1638 1487 suis
1669 1461 1774 1500 pro-

1788 1002 1831 1030 10

294 1070 346 1094 }lis
360 1069 487 1100 exploits.

555 1651 563 1669 ¹
584 1653 659 1683 Non
684 1652 796 1683 multis
810 1651 921 1683 diebus
938 1675 946 1683 .
966 1675 974 1683 .
993 1675 1000 1683 .
1019 1651 1122 1692 bapti-

506 1699 593 1729 zavit
608 1699 687 1739 eos.]
705 1700 831 1737 Aliquo
843 1702 1001 1738 tempore.
1027 1700 1122 1729 Prae-

508 1746 634 1784 paratis
669 1748 781 1776 autem
817 1745 880 1775 sibi
911 1745 1122 1783 necessariis,

506 1792 626 1831 angelo
661 1795 900 1830 commonente,
931 1792 1122 1822 Ibernicuni

507 1848 597 1868 mare
620 1839 727 1877 petiit.
777 1838 922 1876 Impleta
936 1847 1014 1868 vero
1040 1847 1123 1867 nave

507 1885 736 1914 transmarinis
752 1885 945 1914 muneribus
968 1887 1001 1914 et
1028 1884 1125 1922 spiri-

507 1931 656 1960 tualibus
687 1930 866 1969 thesauris,
891 1930 958 1960 Dei
988 1931 1124 1969 largitu,

508 1977 658 2015 pervenit
695 1977 740 2007 ad
772 1977 983 2014 Hiberniam,
1014 1980 1046 2006 et
1076 1977 1125 2007 eis

508 2023 716 2061 praedicavit,
732 2023 875 2062 illosque
892 2023 1124 2061 baptizavit,a.

508 2069 643 2109 During
668 2069 735 2099 this
750 2070 829 2099 visit
854 2073 887 2099 to
906 2069 1062 2108 England
1084 2069 1125 2099 he

508 2116 536 2146 is
554 2116 627 2146 said
643 2120 675 2146 to
691 2115 775 2146 bave
792 2116 958 2154 preached
975 2116 1009 2145 in
1026 2115 1126 2145 Corn-

508 2163 600 2199 wall,
610 2162 680 2203 (see
690 2162 810 2192 Passio
818 2162 886 2193 S.G
892 2162 1034 2201 uigneri,
1043 2162 1127 2192 inter

508 2209 661 2239 Ansehni
685 2208 776 2247 Opp.
796 2218 830 2246 p.
848 2211 923 2247 508,
947 2208 1027 2238 edit.
1046 2208 1126 2239 Par.

511 2258 593 2285 1675
600 2254 623 2294 ,)
633 2255 698 2285 and
707 2258 830 2285 evento
839 2255 922 2285 have
934 2255 1128 2293 penetrated

510 2310 547 2331 as
564 2301 615 2331 far
631 2310 668 2330 as
683 2301 738 2331 the
760 2304 834 2339 spot
849 2301 883 2330 in
899 2301 1014 2331 Wales
1030 2301 1128 2330 after-

510 2347 623 2377 wards
648 2347 768 2377 named
791 2347 838 2377 St.
853 2347 1007 2385 David’s,
1033 2346 1128 2388 (Vita

511 2393 544 2424 S.
567 2393 724 2430 Davidis‚
747 2402 801 2431 ap.
829 2393 918 2423 Acta
943 2393 1001 2423 SS.
1024 2393 1126 2424 Mart.

511 2443 588 2470 tom.
606 2440 629 2471 i.
648 2450 681 2478 p.
695 2437 766 2479 41.)

560 2484 568 2501 ¹
582 2485 751 2525 Amissis]
770 2484 926 2524 Omissis,
938 2485 996 2523 D.,
1006 2485 1129 2525 Usher,

513 2532 679 2562 Primord.
696 2542 730 2570 p.
748 2533 823 2562 839.

558 2577 571 2594 ³
592 2577 779 2618 Prospera]
819 2578 987 2617 Prospero
1024 2580 1128 2608 trans-

511 2625 655 2663 fretavit,
672 2625 716 2655 D.

559 2669 571 2686 ³
600 2672 681 2701 Cum
718 2670 791 2700 navi
822 2670 1012 2710 descendit]
1057 2671 1128 2701 Om.

516 2717 558 2747 D.
581 2718 618 2747 E.
633 2728 640 2755 3
663 2716 902 2755 transfretavit,
915 2717 1038 2756 Usher,
1056 2717 1130 2747 Pri-

512 2763 616 2793 mord.
633 2774 665 2802 p.
684 2766 758 2793 840.

559 2807 572 2827 ⁴
589 2809 792 2848 Descendit]
807 2809 1021 2848 Conscendit,
1035 2810 1078 2840 B.
1092 2810 1129 2839 C.

1205 1650 1217 1669 ⁵
1240 1652 1441 1692 Thesauris]
1477 1651 1686 1691 Concerning
1718 1651 1775 1683 the

1157 1699 1281 1738 freight
1304 1698 1341 1728 of
1355 1699 1421 1729 this
1438 1698 1559 1737 vessel,
1580 1698 1635 1728 the
1657 1698 1777 1729 reader

1158 1755 1234 1784 may
1259 1745 1389 1775 consult
1415 1744 1470 1774 the
1501 1744 1574 1775 Life
1601 1745 1644 1783 by
1660 1745 1778 1775 Josce-

1159 1792 1224 1821 line
1262 1791 1399 1829 already
1425 1791 1572 1821 referred
1602 1794 1648 1830 to,
1680 1791 1696 1830 §
1721 1793 1776 1830 23,

1160 1837 1263 1868 Bedae
1281 1836 1371 1876 Opp.
1389 1837 1438 1868 iii.
1455 1839 1530 1868 229.

1205 1882 1217 1902 ⁹
1234 1883 1408 1924 Loygare]
1435 1883 1588 1923 Logiore,
1607 1893 1640 1914 α.
1687 1882 1697 1899 ‘
1711 1883 1779 1913 Im-

1160 1930 1298 1968 perabat
1316 1930 1476 1960 Hibernis
1499 1940 1537 1960 eo
1553 1932 1700 1968 tempore
1716 1939 1776 1960 rex

1160 1985 1324 2015 paganus,
1340 1975 1486 2006 crudelis
1513 1979 1546 2006 et
1573 1978 1680 2014 atrox,
1696 1975 1778 2005 Leo-

1161 2023 1275 2061 garius
1297 2023 1440 2059 nomine,
1465 2021 1554 2052 filius
1580 2021 1699 2060 Nielli,
1719 2022 1779 2060 qui

1160 2069 1193 2098 in
1209 2069 1363 2099 Temoria
1386 2068 1521 2098 civitate
1547 2068 1641 2107 regni
1665 2067 1778 2098 sedem

1161 2115 1301 2146 habuit.’
1335 2115 1413 2145 Vita
1429 2115 1463 2145 S.
1481 2115 1622 2145 Patricii
1632 2114 1778 2153 Tripart.

1162 2171 1216 2200 ap.
1229 2162 1316 2192 Acta
1332 2161 1390 2192 SS.
1400 2161 1502 2192 Mart.
1520 2164 1598 2192 tom.
1609 2161 1645 2191 ii.
1655 2171 1689 2199 p.
1703 2163 1779 2199 525,

1163 2208 1266 2238 Bedae
1284 2207 1375 2246 Opp.
1393 2207 1441 2237 iii.
1462 2209 1537 2238 229.
1586 2207 1780 2246 According

1162 2257 1194 2285 to
1207 2254 1261 2284 the
1277 2254 1476 2293 chronology
1489 2253 1655 2291 proposed
1671 2253 1715 2291 by
1724 2252 1779 2283 the

1164 2300 1369 2330 Bollandists
1378 2299 1427 2340 (p.
1438 2298 1530 2339 523),
1538 2299 1604 2329 this
1619 2299 1780 2329 occurred

1165 2346 1206 2377 A.
1220 2347 1265 2377 D.
1282 2348 1359 2384 436,
1371 2346 1437 2376 and
1448 2345 1633 2384 Leogarius
1642 2345 1780 2384 reigned

1164 2393 1247 2422 until
1279 2394 1355 2431 462,
1381 2392 1482 2422 while
1522 2391 1633 2421 Usher
1665 2392 1781 2430 places

1163 2439 1217 2468 the
1242 2438 1363 2468 former
1385 2441 1483 2468 event
1499 2437 1574 2468 four
1589 2447 1686 2476 years
1709 2447 1781 2468 ear-

1164 2485 1236 2522 lier,
1256 2485 1420 2515 Primord.
1438 2494 1471 2522 p.
1489 2486 1586 2515 1100.

1210 2529 1223 2549 9
1240 2531 1373 2571 Regis]
1398 2530 1502 2569 Regis
1529 2530 1717 2570 Hiberniae,
1735 2530 1782 2562 D.

1163 2586 1281 2616 marg„
1297 2587 1327 2608 α.

1222 2622 1247 2641 ¹³
1275 2619 1400 2666 Fecit.]
1434 2633 1464 2653 a.
1491 2622 1536 2653 D.
1568 2632 1688 2662 marg„
1720 2632 1781 2654 om.

1167 2669 1208 2701 A.
1226 2670 1270 2701 B.
1287 2671 1324 2700 C.
1340 2680 1348 2707 ;
1371 2669 1528 2707 faciebat,
1544 2669 1586 2699 E.

1213 2714 1238 2733 ¹⁶
1270 2717 1410 2746 Numero
1448 2724 1544 2755 usque
1574 2716 1615 2745 ad
1646 2715 1781 2755 novem]

1165 2763 1327 2802 Triginta,
1344 2763 1385 2792 E.
