2096 3246
496 302 553 341 26
855 311 1083 340 Hls'romA
1119 308 1384 345 ssRrroNUM,

497 415 837 467 confringerent
868 427 918 454 os
949 414 1004 454 de
1035 413 1213 453 ossibus
1253 411 1368 465 ejus,
1401 415 1446 451 et
1485 411 1549 450 sic
1591 411 1760 451 sactum

497 485 592 531 est3
626 486 672 521 et
701 481 748 521 in
779 480 978 520 crastino
998 479 1168 519 vitulus
1200 479 1412 518 inventus
1444 481 1513 516 est
1538 482 1644 517 ante
1664 489 1759 517 ma-

497 552 611 587 trem
634 560 762 587 suam
784 559 923 586 sanus
945 551 989 585 ct
1010 546 1157 593 vivus,
1177 544 1519 595 incolumisque.

566 613 588 666 ᾗ
608 613 679 653 33.
714 612 888 653 Iterum
910 612 965 651 de
986 623 1119 651 mane
1140 614 1452 658 surrexerunt,
1474 614 1525 649 ut
1546 608 1760 660 impetra-

497 685 599 719 rent
616 679 938 719 salutationem
962 677 1146 730 tyranni
1165 690 1174 725 ;
1198 682 1245 716 at
1268 676 1371 728 ipsi,
1389 688 1490 715 cum
1513 678 1697 714 orarent
1717 679 1764 714 et
1802 681 1820 708 5

497 750 819 798 exspectarent
833 745 973 798 juxta
991 748 1169 796 portam
1191 742 1323 790 arcis,
1341 746 1384 782 et
1402 754 1505 781 ecce
1522 741 1529 781 !
1564 741 1633 780 vir
1645 752 1763 779 unus

497 812 723 860 currebat,
745 816 790 852 ct
811 811 949 851 sudor
968 810 1090 850 illius
1109 822 1136 849 a
1151 809 1319 849 vertice
1340 820 1483 860 usque
1504 806 1560 847 ad
1581 806 1764 859 plantas

497 878 662 929 pedum
704 877 971 917 distillabat.
1044 875 1294 915 Inclinavit
1332 887 1380 914 se
1419 879 1525 914 ante
1560 872 1678 920 illos,
1719 876 1764 912 et

498 942 616 982 dixit
670 942 866 982 Sanctus
907 941 1183 990 Germanus,
1236 945 1246 961 ‘
1271 939 1429 980 Credis
1468 940 1515 979 in
1555 943 1762 978 sanctam

499 1007 775 1047 Trinitatem
790 1007 822 1047 Υ
858 1011 904 1046 et
935 1006 1170 1058 respondit
1212 1006 1294 1055 illi,
1336 1010 1347 1026 ‘
1367 1005 1545 1053 Credo}
1575 1009 1620 1044 et
1650 1004 1762 1056 bap·
1782 1011 1822 1039 10

498 1073 665 1113 tizatus
689 1078 774 1122 est,
789 1078 835 1113 et
851 1071 1075 1112 osculavit
1097 1084 1215 1111 eum.
1287 1071 1346 1111 Et
1370 1071 1487 1110 dixit
1507 1070 1589 1117 illi,
1604 1073 1614 1089 ‘
1630 1068 1764 1109 Vade

497 1139 544 1178 in
564 1151 692 1191 pace,
712 1139 759 1178 in
772 1139 862 1178 ista
877 1138 989 1178 hora
1006 1137 1225 1185 morieris,
1242 1141 1287 1176 et
1304 1135 1473 1188 Angeli
1490 1135 1579 1176 Dei
1597 1135 1644 1174 in
1661 1147 1765 1175 aere

498 1210 771 1257 exspectant
792 1209 853 1254 te,
874 1209 926 1244 ut
947 1203 1168 1255 gradieris
1190 1216 1291 1242 cum
1312 1202 1402 1242 illis
1425 1202 1481 1242 ad
1500 1201 1764 1250 Dominum,

498 1272 571 1310 cui
592 1271 853 1311 credidisti?
925 1270 984 1309 Et
1002 1270 1098 1322 ipse
1114 1269 1248 1309 laetus
1265 1269 1455 1309 intravit
1468 1268 1516 1307 in
1533 1280 1698 1316 arcem,
1720 1271 1766 1307 et

501 1336 754 1377 Praefectus
777 1336 925 1377 tenuit
956 1336 1084 1375 illum
1104 1341 1148 1375 et
1170 1335 1393 1386 alligavit,
1414 1340 1459 1375 et
1480 1339 1586 1374 ante
1607 1339 1764 1386 tyran·
1784 1341 1824 1368 15

499 1416 607 1442 num
642 1403 805 1443 ductus
841 1407 886 1443 et
921 1401 1186 1442 interfectus
1219 1406 1303 1441 est.
1375 1400 1480 1441 Mos
1513 1400 1633 1440 enim
1668 1404 1767 1439 erat

500 1469 620 1521 apud
644 1469 969 1521 nequissimum
990 1473 1236 1520 tyrannum
1270 1467 1358 1506 nisi
1386 1467 1488 1518 quis
1519 1471 1626 1506 ante
1657 1465 1766 1505 solis

500 1540 649 1575 ortum
682 1534 964 1587 pervenisset
993 1533 1049 1573 ad
1077 1533 1344 1574 servitutem
1374 1532 1422 1571 in
1453 1545 1572 1580 arce,
1593 1530 1766 1571 interfi-

500 1601 718 1641 ciebatur.
791 1600 851 1641 Et
881 1604 1149 1640 manserunt
1182 1603 1281 1639 tota
1314 1599 1386 1638 die
1413 1598 1553 1651 juxta
1586 1601 1767 1650 portam

501 1667 717 1716 civitatis,
739 1671 784 1707 et
812 1679 903 1706 non
940 1666 1301 1718 impetraverunt
1334 1670 1386 1705 ut
1419 1664 1674 1704 salutarent
1694 1667 1766 1716 ty·
1785 1670 1827 1699 20

500 1746 710 1773 rannum.

571 1799 592 1852 ᾗ
611 1799 683 1839 34.
716 1798 861 1839 Solito
894 1811 952 1838 ex
984 1811 1108 1838 more
1131 1797 1420 1850 supradictus
1442 1796 1569 1837 affuit
1591 1808 1766 1845 servus,

501 1869 547 1905 et
582 1865 700 1905 dixit
733 1865 774 1905 ei
819 1864 1016 1905 Sanctus
1053 1863 1328 1912 Germanus,
1366 1866 1378 1884 ‘
1398 1862 1522 1904 Cave
1556 1875 1612 1902 ne
1646 1875 1766 1902 unus

501 1930 636 1971 homo
655 1936 840 1971 maneat
870 1931 925 1970 de
957 1930 1214 1970 hominibus
1242 1930 1332 1970 tuis
1363 1929 1410 1969 in
1440 1930 1531 1970 ista
1556 1933 1689 1969 nocte
1719 1929 1767 1968 in

502 1998 635 2037 arce.’
708 1997 768 2036 Et
800 1997 897 2049 ipse
920 2009 1130 2036 reversus
1163 2001 1233 2036 est
1262 1996 1310 2035 in
1339 2008 1489 2035 arcem
1511 2000 1556 2035 et
1577 1994 1767 2035 deduxit
1786 2007 1827 2036 25

501 2063 618 2103 filios
650 2075 773 2111 suos,
795 2075 987 2115 quorum
1019 2075 1232 2102 numerus
1264 2067 1362 2102 erat
1394 2075 1571 2110 novem,
1604 2065 1650 2101 et
1680 2061 1769 2113 ipsi

503 2129 558 2169 ad
581 2129 893 2182 supradictum
913 2129 1161 2181 hospitium
1190 2140 1291 2168 cum
1321 2129 1421 2181 ipso
1453 2127 1624 2168 reversi
1644 2131 1766 2168 sunt.

504 2195 564 2236 Et
599 2196 818 2248 praecepit
852 2195 1049 2235 Sanctus
1070 2194 1329 2235 Germanus
1369 2207 1551 2234 manere
1586 2206 1664 2234 eos
1696 2192 1767 2246 je-

497 2261 653 2314 junos,
677 2267 737 2310 et,
759 2261 926 2302 clausis
941 2261 1113 2314 januis,
1141 2261 1273 2309 dixit,
1296 2264 1307 2281 ‘
1322 2260 1583 2312 Vigilantes
1606 2264 1768 2308 estote,

503 2332 547 2367 et
579 2328 618 2367 si
649 2327 757 2380 quid
788 2328 1005 2376 evenerit,
1026 2327 1073 2366 in
1095 2340 1245 2367 arcem
1277 2326 1417 2366 nolite
1439 2326 1657 2378 aspicere,
1689 2324 1768 2365 Sed
1789 2337 1830 2366 30

504 2398 631 2433 orate
664 2394 972 2434 indesinenter
1004 2398 1049 2433 et
1079 2393 1136 2432 ad
1159 2392 1407 2433 Dominum
1439 2396 1642 2432 vestrum
1674 2390 1767 2431 cla-

503 2460 656 2500 mate?
744 2459 804 2499 Et
854 2465 957 2512 post
1006 2459 1232 2499 modicum
1277 2458 1569 2499 intervallum
1621 2457 1769 2497 noctis

502 2525 622 2577 ignis
643 2526 698 2565 de
718 2525 835 2566 coelo
857 2525 1017 2566 cecidit
1040 2530 1083 2566 et
1105 2525 1355 2566 combussit
1366 2537 1531 2574 arcem,
1552 2529 1597 2565 et
1613 2536 1770 2564 omnes

504 2591 709 2632 homines
731 2592 807 2644 qui
836 2605 939 2632 cum
975 2597 1172 2645 tyranno
1206 2596 1353 2640 erant,
1375 2596 1420 2632 et
1442 2603 1666 2644 nusquam
1688 2602 1768 2642 ap-

504 2664 756 2710 paruerunt
775 2671 919 2711 usque
952 2658 1009 2699 ad
1041 2658 1309 2699 hodiernum
1330 2658 1447 2698 diem
1464 2671 1474 2707 3
1508 2663 1553 2698 et
1573 2669 1657 2697 arx
1678 2668 1768 2696 non
1790 2669 1829 2698 35

505 2724 730 2765 aedificata
751 2730 818 2765 est
837 2738 981 2777 usque
1001 2725 1149 2765 hodie.

574 2790 594 2843 ξ
614 2790 684 2830 35.
720 2791 775 2831 In
797 2792 998 2831 crastino
1019 2791 1090 2831 die
1112 2791 1186 2831 ille
1209 2790 1292 2837 vir,
1315 2790 1392 2842 qui
1425 2789 1664 2843 hospitalis
1685 2788 1768 2829 suit
