2096 3246
516 334 573 375 58
885 342 1114 373 His'romA
1151 341 1419 379 ΒΒιΤοΝυΜ,

518 447 706 487 orientis
727 451 772 487 et
798 447 1030 487 deducunt
1060 447 1207 499 pisces
1241 460 1298 486 ex
1322 459 1376 486 ea
1395 451 1540 498 parte.
1612 444 1707 485 Alii
1726 444 1784 484 ad

517 514 743 562 dextram,
766 513 843 553 alii
874 513 930 553 ad
963 513 1210 561 sinistram,
1234 512 1291 552 ad
1319 511 1706 564 occidentemque,
1739 516 1785 551 et

518 579 708 620 trahunt
742 579 890 632 pisces
926 580 983 619 ab
1019 591 1292 631 unaquaque
1328 583 1474 631 parte.
1558 577 1619 617 Et
1660 577 1784 617 aliud

519 659 663 698 genus
708 646 900 698 piscium
951 644 1149 685 trahitur
1194 657 1253 684 ex
1302 644 1511 684 omnibus
1560 643 1783 695 partibus.

521 712 746 764 Magnum
777 711 983 751 mirabile
1008 711 1154 763 pisces
1186 710 1233 750 in
1254 710 1396 759 fonte,
1433 710 1539 750 dum
1576 722 1668 749 non
1700 709 1784 749 flu·
1826 721 1844 749 5

519 791 622 818 men
646 778 745 818 fluit
770 777 816 817 in
839 790 909 827 eo,
930 790 1077 830 neque
1099 790 1157 818 ex
1188 790 1269 827 eo;
1313 782 1359 817 et
1387 777 1433 816 in
1462 789 1514 816 eo
1542 775 1785 816 inveniun-

520 849 595 884 tur
617 849 814 896 quatuor
836 857 1004 896 genera
1026 843 1234 896 piscium,
1256 847 1302 883 et
1326 856 1419 883 non
1441 847 1511 883 est
1530 842 1586 882 de
1606 842 1785 893 magni-

520 910 677 950 tudine
698 923 845 962 neque
866 909 921 950 de
949 909 1275 963 profunditate.
1346 908 1644 949 Profunditas
1663 907 1786 947 illius

520 988 664 1027 usque
684 975 741 1014 ad
764 988 930 1026 genua,
947 976 1111 1027 viginti
1142 975 1280 1028 pedes
1301 980 1409 1035 suut
1429 975 1476 1014 in
1497 973 1785 1026 longitudine

520 1046 566 1081 et
600 1040 860 1089 latitudine,
895 1041 1018 1093 ripas
1055 1041 1174 1081 altas
1208 1041 1347 1081 habet
1380 1040 1441 1081 ⁴ex
1477 1040 1599 1080 omni
1638 1044 1785 1092 parte.
1807 1048 1847 1076 10

520 1107 670 1147 Juxta
691 1106 874 1155 flumen,
896 1106 1018 1159 quod
1043 1111 1236 1147 vocatur
1258 1105 1412 1159 Guoy,
1443 1118 1580 1158 poma
1609 1105 1786 1145 inveni-

520 1178 661 1214 untur
696 1186 833 1226 super
862 1172 1094 1213 fraxinum
1124 1173 1172 1213 in
1202 1173 1407 1225 proclivo
1428 1172 1574 1212 saltus
1606 1171 1684 1224 qui
1719 1176 1790 1212 est

521 1253 663 1292 prope
685 1240 803 1280 ostio
824 1239 1037 1280 fluminis.

590 1306 676 1346 Est
706 1305 829 1346 aliud
860 1305 1130 1345 miraculum
1162 1305 1208 1344 in
1241 1304 1427 1356 regione
1456 1316 1559 1356 quae
1595 1307 1789 1344 vocatur

523 1371 694 1413 Guent.
751 1372 836 1412 Est
856 1372 918 1412 ibi
934 1371 1082 1420 fovea,
1104 1383 1131 1411 a
1153 1383 1244 1423 qua
1264 1376 1429 1412 ventus
1452 1370 1533 1410 flat
1554 1383 1634 1423 per
1655 1382 1787 1410 omne
1809 1383 1848 1411 15

523 1443 703 1490 tempus
740 1438 836 1478 sine
876 1437 1240 1488 intermissione3
1282 1442 1328 1477 et
1360 1436 1543 1488 quando
1579 1448 1672 1476 non
1704 1435 1787 1476 flat

525 1510 687 1544 ventus
706 1504 753 1543 in
766 1508 971 1556 tempore
988 1504 1180 1552 aestatiS,
1192 1503 1248 1543 de
1261 1502 1342 1543 illa
1354 1502 1488 1542 fovea
1506 1503 1790 1542 incessanter

523 1569 618 1619 flat,
639 1575 691 1610 ut
717 1583 849 1610 nemo
882 1570 1029 1622 possit
1063 1569 1305 1618 sustinere,
1333 1581 1481 1621 neque
1516 1572 1623 1608 ante
1644 1567 1789 1608 foveae

523 1635 896 1688 profunditatem.
979 1635 1040 1676 Et
1080 1640 1274 1676 vocatur
1315 1647 1477 1675 nomen
1518 1634 1618 1687 ejus
1658 1633 1790 1675 With

525 1701 672 1742 Guint
693 1701 982 1743 Brittannico
1003 1714 1226 1750 sermone,
1260 1700 1425 1741 Latine
1457 1705 1609 1741 autem
1635 1700 1787 1741 Flatio
1808 1713 1851 1742 20

524 1769 665 1810 venti.
713 1768 938 1820 Magnum
961 1768 1167 1808 mirabile
1186 1772 1255 1808 est
1269 1772 1434 1807 ventus
1448 1766 1504 1807 de
1522 1772 1645 1807 terra
1661 1766 1787 1819 flare.

593 1834 615 1888 ς’
638 1835 709 1875 71.
743 1834 829 1875 Est
855 1834 978 1874 aliud
1012 1834 1295 1874 miraculum.
1366 1832 1429 1872 -In
1457 1831 1621 1885 Guhyr
1646 1832 1792 1873 altare

525 1905 594 1940 est
614 1901 661 1940 in
680 1900 798 1948 loco,
827 1900 906 1952 qui
930 1900 1096 1940 dicitur
1117 1899 1402 1953 Loyngarth,
1424 1899 1545 1951 quod
1566 1903 1682 1939 nutu
1704 1899 1793 1939 Dei

525 1966 725 2007 fulcitur.
770 1966 981 2007 Historia
993 1966 1125 2006 istius
1140 1966 1298 2006 altaris
1312 1965 1474 2005 melius
1487 1964 1597 2005 mihi
1612 1964 1793 2005 videtur

525 2045 712 2073 narrare
746 2045 882 2084 quam
916 2032 1120 2072 reticere.
1194 2032 1365 2072 Factus
1400 2036 1470 2072 est
1500 2036 1653 2071 autem
1685 2031 1793 2071 dum
1810 2042 1852 2071 25

525 2098 723 2139 Sanctus
744 2098 916 2139 Iltutus
937 2099 1098 2139 orabat
1118 2097 1165 2137 in
1187 2098 1421 2151 spelunca,
1443 2109 1545 2150 quae
1567 2102 1637 2137 est
1652 2096 1794 2150 juxta

525 2178 651 2205 mare
671 2165 791 2217 quod
815 2164 947 2205 alluit
967 2169 1135 2205 terram
1156 2164 1407 2217 supradicti
1426 2163 1531 2213 loci,
1548 2162 1623 2219 (os
1640 2167 1793 2204 autem

526 2231 756 2284 speluncae
793 2231 850 2271 ad
879 2244 1003 2271 mare
1028 2228 1139 2284 est,)
1161 2235 1206 2271 et
1227 2231 1359 2271 ecce!
1393 2230 1524 2270 navis
1544 2230 1795 2282 navigabat

527 2297 584 2337 ad
605 2310 653 2338 se
676 2297 731 2337 de
753 2298 867 2337 mari
888 2302 934 2338 et
965 2297 1054 2337 duo
1088 2297 1173 2337 viri
1195 2297 1467 2348 navigantes
1491 2308 1607 2344 eam,
1629 2299 1674 2336 et
1694 2309 1794 2336 cor—

529 2376 614 2415 pus
634 2363 783 2403 sancti
802 2363 998 2403 hominis
1020 2367 1118 2402 erat
1139 2375 1240 2402 cum
1261 2362 1350 2402 illis
1371 2362 1417 2401 in
1439 2361 1562 2410 navi,
1584 2366 1630 2401 et
1650 2361 1795 2401 altare
1815 2370 1856 2399 30

529 2442 668 2481 supra
701 2428 862 2468 faciem
891 2428 989 2482 ejus
1026 2428 1147 2480 quod
1174 2433 1289 2468 nutu
1322 2428 1410 2468 Dei
1440 2426 1728 2477 fulciebatur,
1751 2432 1798 2468 et

529 2495 751 2547 processit
783 2495 918 2535 homo
945 2494 1033 2534 Dei
1056 2494 1237 2534 obviam
1264 2494 1370 2543 illis,
1399 2498 1445 2534 et
1465 2506 1629 2546 corpus
1650 2493 1797 2534 sancti

578 2663 600 2682 ¹⁴
618 2666 679 2695 Est
705 2662 824 2709 aliud]
848 2665 930 2696 This
954 2666 1089 2696 miracle
1118 2665 1145 2696 is
1228 2663 1254 2683 ²2
1280 2662 1423 2709 Guhyr]
1449 2664 1651 2703 Gubir‚D.;
1676 2663 1798 2703 Guhir,

529 2712 663 2741 omitted
683 2713 714 2741 in
734 2712 778 2742 D.
1184 2713 1227 2742 D.
1249 2722 1353 2750 marg.

578 2756 601 2775 ¹9
638 2758 730 2788 With
760 2756 892 2794 Gaius]
932 2757 1146 2797 Hwinguint,
1230 2756 1256 2775 2³
1297 2753 1510 2799 Loyngarth]
1564 2756 1633 2786 The
1680 2766 1799 2795 proper

535 2804 570 2834 Ε.
588 2815 595 2840 ;
622 2804 837 2843 Hinthguint,
861 2805 897 2835 Ε.
915 2814 1019 2843 marg.
1183 2804 1264 2834 form
1283 2804 1319 2834 of
1331 2804 1397 2833 this
1407 2803 1500 2833 word
1511 2804 1539 2833 is
1554 2802 1796 2842 Llwyn-garth.

1185 2849 1387 2888 Loiguarch‚
1408 2849 1445 2880 Ε.
