2096 3246
475 353 502 391 8
841 361 1068 391 111s'r01z1A
1104 358 1372 397 ssRrroNUM,

479 464 678 514 Italiam,
719 470 780 514 et,
821 471 1037 518 superato
1078 465 1253 514 Turno,
1285 464 1459 518 aceepit
1504 463 1743 504 Laviniam

477 531 616 572 filiam
641 531 810 580 Latini,
848 531 926 572 filii
964 532 1128 581 Fauni,
1163 532 1243 571 filii
1278 530 1393 579 Pici,
1427 530 1506 570 filii
1539 530 1743 578 Saturni,

477 599 523 638 in
562 598 851 652 conjugium3
900 603 946 638 et
982 603 1086 650 post
1125 602 1315 638 mortem
1360 596 1514 637 Latini
1552 609 1742 649 regnum

479 665 675 705 obtinuit
717 664 1030 705 Romanorum
1063 664 1136 704 vel
1160 663 1443 704 Latinorum.
1514 661 1743 703 Ascanius

479 736 633 771 antem
652 729 820 770 Albam
850 730 1068 779 condidit,
1101 736 1144 771 et
1181 736 1343 783 postea
1373 742 1563 770 uxorem
1595 729 1744 777 duxit,
1785 740 1803 767 5

480 802 525 837 et
546 796 722 853 peperit
752 797 791 837 ei
826 796 966 837 filium
993 797 1174 837 nomine
1196 796 1401 837 Silvium.
1472 795 1641 836 Silvius
1663 807 1743 835 au-

481 869 573 902 tem
602 863 735 903 duxit
765 876 971 912 uxorem,
993 868 1039 903 et
1069 863 1259 915 gravida
1290 862 1392 911 fuit,
1414 867 1459 902 et
1479 862 1745 902 nunciatum

481 934 551 969 est
572 929 733 969 AEneae
755 929 875 981 quod
898 942 1039 969 nurus
1060 942 1144 969 sua
1163 929 1354 981 gravida
1375 934 1495 969 esset
1513 943 1523 979 3
1557 933 1603 968 et
1623 928 1747 968 misit

481 994 536 1034 ad
572 993 824 1034 Ascanium
861 995 1004 1034 filium
1043 1008 1191 1044 suum,
1231 1000 1282 1035 ut
1320 995 1521 1035 mitteret
1561 1007 1744 1046 magum

481 1073 613 1099 suum
653 1060 711 1100 ad
752 1060 1129 1101 considerandam
1171 1074 1362 1101 uxorem
1402 1065 1448 1100 et
1487 1060 1747 1112 exploraret
1768 1071 1807 1100 10

482 1126 589 1179 quid
612 1126 800 1167 haberet
830 1127 876 1166 in
908 1131 1054 1175 utero,
1075 1127 1113 1167 si
1144 1127 1397 1167 masculum
1417 1126 1490 1166 vel
1518 1126 1748 1174 seminam,

482 1198 526 1233 et
572 1206 734 1245 magus
770 1192 1077 1234 consideravit
1124 1206 1314 1233 uxorem
1346 1198 1392 1234 et
1424 1205 1633 1233 reversus
1664 1197 1748 1233 est.

483 1258 683 1312 Propter
743 1259 861 1300 hanc
910 1260 1285 1300 vaticinationem
1347 1272 1509 1312 magus
1573 1259 1749 1299 occisus

483 1332 551 1366 est
592 1326 648 1366 ab
681 1325 900 1375 Ascanio,
940 1326 1048 1379 quia
1085 1326 1203 1366 dixit
1235 1324 1437 1366 Ascanio
1476 1326 1596 1379 quod
1629 1337 1749 1365 mas—

484 1392 635 1432 culum
681 1392 868 1433 haberet
909 1392 955 1432 in
998 1397 1128 1433 utero
1169 1392 1344 1441 mulier,
1386 1397 1431 1433 et
1471 1392 1590 1432 filius
1630 1405 1749 1432 mor-
1768 1407 1807 1435 15

484 1459 543 1498 tis
576 1459 676 1507 erit,
709 1459 817 1511 quia
848 1458 1073 1499 occideret
1102 1464 1279 1512 patrem
1315 1472 1447 1498 suum
1483 1464 1527 1498 et
1559 1463 1751 1498 matrem

484 1537 630 1572 suam,
672 1530 717 1565 et
759 1525 844 1565 erit
876 1537 1044 1565 exosus
1083 1525 1292 1565 omnibus
1331 1524 1604 1565 hominibus.
1678 1523 1752 1564 Sic

484 1590 663 1641 evenit3
710 1591 757 1630 in
799 1590 1042 1631 nativitate
1079 1591 1201 1631 illius
1245 1591 1408 1631 mulier
1445 1595 1627 1631 mortua
1668 1595 1753 1639 est,

485 1662 529 1697 et
555 1657 755 1697 nutritus
787 1662 857 1698 est
888 1657 1024 1707 filius,
1045 1662 1088 1698 et
1111 1663 1324 1698 vocatum
1356 1663 1426 1698 est
1456 1671 1622 1698 nomen
1653 1656 1752 1710 ejus

485 1723 648 1764 Bruto.
721 1722 835 1764 Post
865 1724 1059 1765 multum
1090 1724 1398 1774 intervallum,
1419 1724 1559 1778 juxta
1591 1723 1752 1764 vatici-
1770 1735 1812 1763 20

483 1790 716 1830 nationem
737 1790 876 1843 magi,
898 1790 1006 1830 dum
1036 1791 1133 1843 ipse
1165 1790 1351 1831 ludebat
1384 1804 1486 1831 cum
1520 1790 1637 1839 aliis,
1658 1790 1758 1830 ictu-

484 1909 575 1939 vinia
602 1919 703 1948 super
726 1909 946 1949 clandestina,
971 1911 1104 1949 qnando

484 1965 663 1995 praegnans
673 1959 755 1987 erat.
805 1956 888 1987 Ideo
899 1958 1024 1987 Silxius
1036 1958 1105 1988 dic-

485 2006 540 2032 tus
564 2006 626 2038 est,
643 2003 724 2041 quia
746 2003 779 2032 in
804 2003 889 2034 silva
911 2007 1010 2034 natus
1034 2007 1104 2041 est3

487 2049 562 2078 ideo
586 2048 738 2079 Silvatici
762 2049 845 2080 dicti
870 2054 947 2080 sunt
964 2050 1103 2080 Romani

487 2104 582 2133 reges
599 2099 631 2125 et
650 2095 830 2134 Brittones,
849 2097 907 2134 qui
923 2096 964 2126 de
981 2106 1020 2127 eo
1036 2097 1105 2126 nati

488 2145 577 2180 sunt,
601 2141 658 2171 sed
688 2151 707 2172 a
734 2141 839 2172 Bruto
857 2143 1047 2181 Bryttones,
1074 2146 1105 2173 et

487 2187 528 2217 ‹le
579 2187 676 2217 Bruti
729 2188 831 2227 stirpe
878 2192 1105 2220 surrexerunt.

488 2234 612 2264 Aineas
630 2234 677 2275 (7,
694 2232 751 2273 21)
768 2245 798 2265 a.

533 2279 546 2298 ⁴¹
562 2279 751 2318 Ascanius]
782 2281 916 2320 AEneas,
929 2280 972 2312 A.
987 2282 1030 2312 B.
1044 2281 1104 2312 ἃς.

536 2324 548 2343 ⁶
565 2327 690 2357 Silvius
704 2324 840 2370 autem]
868 2327 1036 2358 Ascanius
1047 2338 1106 2358 au-

488 2376 566 2410 teln,
584 2373 626 2403 P.
639 2383 670 2403 a.

535 2419 548 2437 ⁸
564 2419 703 2459 AEneoe.]
728 2419 886 2458 Ascanio,
904 2420 947 2450 R.

537 2463 558 2483 ¹¹
591 2462 719 2508 Utere]
762 2465 865 2496 Utero
896 2466 1034 2503 mulier;
1074 2470 1106 2497 et

489 2512 577 2543 filins
608 2516 696 2542 esset
725 2512 870 2541 omnium
904 2512 1104 2551 Hytalorum

488 2558 701 2597 fortissimus,
711 2558 864 2588 amabilis
880 2559 1032 2589 omnibus
1048 2558 1105 2589 ho-

488 2605 644 2635 minibus.
695 2605 848 2643 Propter,
862 2614 891 2635 a.

538 2650 561 2669 ¹³
581 2650 714 2681 Occisus
728 2654 776 2681 est
791 2651 830 2681 ab
842 2647 1012 2695 Ascania]
1039 2650 1105 2681 Oc-

490 2698 579 2727 cisus
591 2701 639 2727 est
650 2698 692 2727 ab
701 2697 859 2728 Ascanio.
877 2698 931 2728 Sic
942 2698 1063 2735 evenit,
1073 2708 1103 2729 a.

535 2741 562 2761 '²⁰
586 2740 726 2786 Bruta]
753 2744 872 2781 Britto,
898 2744 1002 2781 Brito,
1021 2744 1106 2774 Bru-

488 2794 553 2825 tus,
569 2789 674 2820 MSS.
703 2789 773 2819 The
790 2791 936 2829 margins
951 2790 988 2820 of
1004 2791 1046 2821 G,
1062 2791 1106 2821 K.

487 2836 552 2866 and
577 2836 617 2866 N.
636 2836 763 2865 exhibit
786 2835 840 2866 the
862 2836 1032 2875 following
1048 2837 1102 2866 ad-

487 2882 601 2912 dition.
653 2884 661 2898 ‘
674 2882 760 2913 Haec
778 2886 826 2912 est
844 2883 1038 2921 genealogia
1063 2883 1104 2913 is-

1137 1911 1205 1941 tius
1223 1910 1320 1940 Bruti
1337 1910 1430 1940 exosi
1446 1917 1616 1947 nunquam
1633 1907 1676 1937 ad
1692 1917 1754 1938 sae-

1138 1966 1196 1987 vos
1220 1955 1276 1998 (2²),
1300 1957 1334 1986 id
1360 1959 1422 1995 est,
1454 1955 1620 1992 Brstones,
1649 1954 1755 1993 ducti,

1139 2013 1340 2041 quamquam
1353 2000 1584 2046 [quandoque‚
1592 1996 1657 2043 K]
1667 2000 1755 2030 vole-

1138 2050 1217 2080 bant
1248 2050 1363 2088 Scotti,
1402 2049 1587 2079 nescientes
1616 2047 1755 2085 originis

1139 2096 1204 2129 sui.
1235 2096 1278 2126 ad
1309 2097 1408 2126 istum
1440 2094 1578 2125 domari.
1629 2093 1755 2123 Brutus

1139 2152 1216 2172 vero
1241 2142 1305 2172 fuit
1329 2142 1417 2172 filius
1442 2140 1537 2172 Silvii
1563 2136 1672 2183 [&c.]‚
1695 2139 1755 2170 filii

1138 2189 1274 2227 Jupiter
1289 2188 1330 2218 de
1348 2197 1465 2227 genere
1478 2187 1574 2224 Cain,
1585 2187 1644 2216 filii
1653 2185 1755 2216 male-

1139 2234 1221 2265 dicti
1237 2235 1380 2264 videntis
1404 2237 1436 2264 et
1461 2233 1600 2263 ridentis
1626 2235 1754 2271 patrem

1140 2280 1226 2311 Noe.
1258 2281 1341 2310 Tros
1356 2290 1433 2310 vero
1449 2279 1534 2309 duos
1549 2279 1634 2309 filios
1652 2274 1751 2321 [δια]

1138 2327 1192 2357 Sic
1209 2328 1319 2357 inveni
1342 2331 1379 2356 ut
1402 2327 1474 2361 tibi,
1491 2325 1637 2363 Samuel,
1653 2324 1687 2354 id
1705 2328 1755 2355 est

1138 2373 1246 2404 infans
1269 2373 1419 2412 magistri
1442 2372 1518 2410 mei,
1535 2371 1569 2401 id
1584 2374 1648 2410 est,
1666 2371 1754 2401 Beu-

1137 2419 1206 2450 lani
1236 2419 1433 2460 presbyteri,
1471 2419 1504 2448 in
1535 2417 1601 2448 ista
1630 2417 1755 2457 pagina

1138 2466 1277 2504 sc1·ipsi;
1302 2466 1360 2496 sed
1384 2465 1456 2495 haec
1473 2464 1669 2503 genealogia
1690 2473 1755 2494 non

1137 2513 1262 2551 scripta
1291 2512 1324 2542 in
1355 2512 1469 2550 aliquo
1490 2511 1657 2541 volumine
1682 2510 1756 2540 Bri-

1137 2559 1272 2597 tanniae,
1289 2559 1348 2590 sed
1372 2559 1406 2588 in
1430 2557 1608 2596 scriptione.
1634 2557 1754 2587 mentis

1138 2606 1308 2644 scriptoris
1338 2603 1425 2636 fuit.'
1483 2603 1564 2634 This
1597 2613 1754 2642 passage,

1137 2652 1290 2690 omitting
1326 2651 1381 2681 the
1419 2650 1645 2688 introductory
1687 2650 1752 2680 and

1138 2698 1338 2736 concluding
1354 2701 1538 2735 sentences,
1554 2696 1582 2726 is
1598 2696 1632 2726 in
1650 2696 1689 2727 L.

1185 2742 1209 2762 2¹
1227 2740 1402 2787 Ludebat]
1427 2743 1574 2773 Luderet
1585 2751 1660 2772 culn
1672 2751 1752 2780 pue-

1139 2791 1196 2828 ris,
1217 2800 1330 2821 omnes
1346 2790 1538 2828 superabat,
1555 2792 1592 2818 ut
1607 2789 1753 2818 omnium

1139 2837 1293 2868 dominus
1303 2836 1471 2866 videretur
1483 2846 1490 2872 ;
1508 2835 1632 2865 idcirco
1642 2838 1752 2865 autem

1140 2883 1264 2914 invidia
1283 2882 1446 2922 expulsus
1464 2883 1511 2924 (9,
1528 2883 1563 2921 2)
1581 2892 1610 2913 α.
