1997 3220
620 294 841 323 Auo-roni:
874 294 1069 324 nmmo.
1409 288 1466 326 53

203 395 322 442 trali,
373 395 414 434 id
457 402 541 442 est,
581 395 635 435 dc
684 397 865 447 regione
912 409 1013 448 qnae
1053 403 1242 436 voratur
1288 398 1457 439 Manain

201 461 451 508 (n'uotodin,
486 468 665 501 rentum
704 462 1009 514 qnadraginta
1047 476 1128 501 sex
1163 464 1293 502 tinnis
1328 471 1455 504 amte-

197 539 334 579 quain
373 527 575 567 Mailcun
612 535 836 577 regnan-vt,
868 535 909 567 et
945 529 1126 569 Scottus
1157 541 1257 568 enni
1298 529 1454 578 ingen-

198 593 374 633 tissima
405 593 532 633 rlade
566 594 837 646 expulerunt
872 594 928 633 ub
960 595 1058 634 istis
1093 595 1368 645 regionibus,
1409 602 1455 637 et

157 671 175 698 5
198 671 419 711 nusquam
454 673 520 698 rex
534 660 619 699 ersi
652 667 755 700 sunt
780 661 941 700 iterum
965 660 1020 699 ad
1045 660 1355 701 habitandum.

263 725 284 777 ᾗ
319 725 390 766 63.
440 725 575 765 Adda
617 726 734 765 lilius
774 726 859 766 Ida
900 727 1108 777 regnavit
1145 727 1277 767 anuis
1321 731 1450 779 octo;

194 789 377 831 Aedlric
436 791 554 831 tilius
611 791 747 832 Adda
801 792 1011 844 regnavit
1060 798 1258 844 quamor
1304 795 1450 835 annis.

194 857 360 897 Deoric
385 858 502 897 tilius
538 857 622 897 Ida
655 858 863 909 regnavit
895 863 1068 910 septeni
1101 859 1247 899 annis.
1322 860 1450 901 Frio-

191 923 406 975 dolguald
442 924 651 975 regnavit
671 937 750 964 sex
781 924 926 964 annis.
1000 924 1055 964 In
1087 924 1217 977 cnjus
1251 930 1451 978 tempore

133 1001 172 1029 10
193 1003 381 1041 regnum
422 989 706 1039 Cantiorum,
746 991 954 1030 mittente
996 990 1236 1042 Gregorio,
1278 992 1449 1044 baptis-

192 1069 312 1095 mum
340 1057 555 1108 suscepit.
639 1056 797 1096 lIussa
839 1056 1049 1108 regnavit
1088 1057 1220 1096 annis
1257 1064 1446 1110 septem,

189 1128 348 1162 contra
386 1122 514 1162 illum
555 1129 752 1174 quatuor
787 1136 930 1173 reges,
970 1122 1168 1174 Urbgen,
1201 1128 1247 1163 et
1283 1123 1446 1164 Rider-

188 1187 351 1235 chhen,
391 1194 436 1228 et
475 1188 718 1236 Gnallane,
767 1194 812 1228 et
854 1188 1067 1228 Morcant
1101 1188 1444 1231 dimicaverunt.

191 1253 386 1294 Deodric
408 1259 568 1294 contra
589 1254 715 1293 illum
744 1253 927 1305 Urbgen
949 1267 1050 1293 eum
1072 1253 1175 1293 filiis
1203 1254 1448 1297 dimicabat

127 1328 165 1356 15
186 1318 376 1360 sortiter.
449 1320 504 1359 In
518 1320 595 1359 illo
616 1325 767 1360 autem
787 1325 989 1372 tempore
1010 1319 1257 1372 aliquando
1277 1320 1446 1371 hostes,

186 1398 305 1426 nunc
341 1386 479 1434 cives,
519 1386 844 1437 vincebantur3
890 1391 935 1426 et
974 1386 1071 1438 ipse
1110 1386 1333 1427 conclusit
1367 1401 1444 1428 eos

185 1452 329 1492 tribus
348 1452 505 1492 diebus
522 1457 567 1492 et
584 1452 729 1491 tribus
752 1451 960 1492 noctibus
978 1452 1024 1491 in
1044 1451 1194 1492 insula
1210 1452 1442 1503 Metcaud,

184 1523 229 1558 ct
247 1518 353 1557 dum
370 1523 467 1558 erat
480 1518 526 1557 in
541 1518 829 1571 expeditione
843 1517 1084 1570 jugulatus
1099 1523 1183 1567 est,
1200 1518 1442 1560 Morcanto

183 1583 457 1633 destinante,
488 1597 568 1636 pro
598 1583 784 1632 invidia,
821 1583 929 1636 quia
960 1584 1005 1623 in
1037 1583 1136 1636 ipso
1169 1597 1262 1636 proe
1298 1586 1441 1625 omni-

122 1660 163 1689 20
183 1650 266 1689 bus
288 1651 468 1703 regibus
490 1651 634 1690 virtus
656 1650 858 1689 maxima
877 1655 976 1689 erat
997 1649 1086 1701 [in]
1108 1650 1441 1692 instauratione

183 1716 300 1757 belli.
353 1716 576 1756 Eadsered
594 1716 630 1756 F
634 1716 807 1755 lesaurs
826 1715 1036 1767 regnavit
1056 1715 1292 1755 duodecim
1306 1718 1439 1757 annis

180 1782 223 1821 in
257 1782 481 1822 Berneich
514 1787 560 1822 et
591 1782 705 1822 alios
739 1781 976 1821 duodecim
1010 1780 1056 1820 in
1092 1781 1235 1831 Deur,
1274 1782 1439 1834 viginti

179 1853 376 1901 quatuor
397 1848 529 1888 annis
556 1848 675 1888 inter
699 1847 789 1888 duo
820 1860 963 1899 regna
983 1848 1208 1899 regnavit,
1240 1853 1286 1888 et
1315 1849 1440 1890 dedit

179 1915 313 1955 uxori
345 1928 439 1955 suae
473 1915 788 1967 Dinguoaroy,
811 1927 914 1965 quae
937 1919 1127 1953 vocatur
1158 1914 1360 1963 Bebbab,
1393 1921 1439 1956 et

117 1988 158 2016 25
178 1979 233 2020 de
271 1981 450 2021 nomine
482 1993 576 2021 suae
612 1980 770 2020 uxoris
811 1979 1012 2031 suscepit
1052 1992 1233 2029 nomen,
1270 1980 1314 2019 id
1353 1985 1437 2030 est,

179 2046 526 2087 Bebbanburch.
598 2046 778 2098 Eoguin
801 2046 919 2085 filius
943 2043 1036 2085 Alli
1064 2046 1274 2097 regnavit
1305 2047 1437 2087 annis

177 2111 330 2152 decem
372 2118 417 2153 et
457 2118 646 2165 septem,
688 2117 734 2152 et
773 2112 870 2164 ipse
909 2111 1152 2164 occupavit
1198 2112 1349 2152 Elmet
1392 2117 1438 2153 et

177 2179 355 2231 expulit
395 2178 561 2227 Cel-tic,
606 2192 757 2230 regem
797 2177 918 2217 illius
958 2178 1172 2229 regionis.
1245 2177 1436 2219 Eanfled

177 2244 270 2284 filia
301 2245 422 2285 illius
448 2245 714 2285 duodecimo
746 2244 818 2283 die
850 2248 954 2295 post
986 2243 1291 2283 Pentecosten
1327 2245 1435 2297 bap·

116 2318 157 2346 30
177 2310 361 2350 tismum
413 2311 588 2363 accepit
631 2323 733 2350 cum
774 2309 998 2350 universis
1040 2309 1297 2349 hominibus
1341 2311 1435 2350 suis

175 2376 230 2416 de
271 2377 379 2417 viris
420 2382 465 2417 et
504 2377 767 2417 mulieribus
798 2389 899 2415 cum
931 2387 999 2415 ea.
1074 2375 1283 2427 Eadguin
1326 2389 1434 2417 vcro

174 2442 220 2482 in
253 2443 459 2495 sequenti
495 2443 666 2495 pascha
698 2442 972 2494 baptismum
1001 2441 1216 2493 suscepit,
1249 2446 1295 2481 ct
1321 2441 1434 2482 duo-

221 2573 246 2594 ¹²
264 2576 387 2616 Illum]
415 2576 506 2615 Illos,
525 2576 631 2607 MSS.
816 2573 908 2604 fered
935 2574 1086 2614 Flesaur,
1112 2575 1155 2605 B.
1186 2575 1246 2612 C.;
1285 2575 1435 2606 Ealdfret

221 2637 243 2656 Μ
263 2638 467 2680 sumsistis]
496 2639 567 2668 ΟΜ·
588 2638 627 2668 F·
820 2620 1033 2706 Γιὲξλῖιῐιίῐῗιιξ]
1059 2665 1205 2697 quuini
1239 2668 1268 2695 (““

222 2697 244 2716 ¹⁷
271 2699 450 2739 Melfflffl‘l]
486 2699 659 2737 Mssdc'dm’
686 2698 726 2729 B·
747 2699 784 2727 C·
866 2710 888 2730 ³¹
913 2687 1086 2749 Fufi-md
1121 2684 1286 2750 (funs-22¹1,
1305 2717 1334 2743 et
1362 2713 1433 2743 haec

177 2745 205 2776 F
823 2759 928 2796 prima
960 2759 1127 2798 baptizata
1159 2763 1232 2798 θεῖς
1271 2759 1435 2790 Edwinus

218 2800 240 2818 ²¹
269 2802 428 2839 Eadsered
464 2799 644 2844 1·‘lcsm1rs.]
689 2800 788 2832 liadl-
825 2815 914 2844 vere,
935 2806 977 2836 Κ.

1474 740 1578 765 Events
1594 743 1620 766 in

1474 774 1624 799 Nonnum-

1471 808 1536 832 bria.
