1997 3220
362 741 788 794 HISTORIA
846 738 1346 802 BRITONUM,

516 921 849 968 AUCTORE
891 921 1182 967 NENNIO.

287 1157 371 1210 §4
412 1156 455 1197 A
481 1169 723 1198 PRINC1P10
754 1158 911 1198 mundi
950 1170 1094 1209 usque
1132 1156 1188 1195 ad
1230 1155 1483 1203 Diluvium‚

218 1223 327 1262 anni
340 1223 430 1263 duo
445 1224 585 1263 millia
599 1224 782 1264 ducenti
798 1223 1105 1276 quadraginta
1120 1221 1232 1272 duo;
1255 1234 1282 1261 a
1296 1221 1484 1261 Diluvio

179 1316 197 1344 ὅ
218 1301 362 1341 usque
399 1289 456 1329 ad
491 1288 740 1339 Abraham,
780 1290 890 1330 anni
924 1288 1145 1341 nongenti
1177 1287 1484 1341 quadraginta

217 1354 334 1407 duo;
367 1356 424 1395 ab
455 1354 691 1397 Abraham
722 1369 866 1409 usque
905 1355 961 1396 ad
996 1355 1209 1408 Moysen,
1234 1354 1344 1394 anni
1378 1367 1482 1394 sex-

219 1422 340 1462 centi
371 1422 702 1475 quadraginta;
751 1436 778 1463 a
825 1422 989 1475 Moyse
1031 1434 1176 1474 usque
1216 1420 1272 1460 ad
1315 1420 1483 1469 David,

220 1488 329 1528 anni
359 1489 626 1541 quingenti3
660 1494 705 1530 et
741 1501 769 1529 a
805 1488 957 1529 David
991 1501 1136 1540 usque
1173 1486 1482 1527 Nabuchodo-

220 1567 372 1604 nosor,
395 1555 503 1595 anni
522 1561 630 1596 sunt
650 1555 888 1608 quingenti
906 1554 1152 1606 sexaginta
1169 1566 1348 1593 novem.

289 1620 312 1674 ξ
343 1621 385 1661 5.
437 1620 507 1663 Ab
544 1620 694 1661 Adam
734 1634 878 1674 usque
922 1620 979 1660 ad
1012 1619 1484 1672 Transmigrationem

221 1686 508 1740 Babyloniae,
547 1688 656 1728 anni
695 1693 803 1728 sunt
838 1691 1036 1740 quatuor
1065 1686 1209 1726 millia
1247 1685 1486 1739 quingenti

219 1754 390 1794 treceni
435 1755 731 1807 septuaginta
769 1767 964 1804 novem3
1007 1765 1034 1792 a
1061 1752 1486 1804 Transmigratione

221 1819 491 1873 Babyloniae
524 1833 668 1873 usque
700 1820 757 1860 ad
793 1819 1042 1868 Christum,
1080 1819 1321 1872 quingenti
1350 1830 1485 1858 sexa-

219 1886 349 1938 ginta
387 1900 496 1936 sex3
545 1888 601 1928 ab
634 1886 785 1927 Adam
819 1900 928 1927 vero
960 1898 1104 1938 usque
1140 1885 1197 1925 ad
1227 1885 1486 1938 passionem

564 2081 677 2111 Norrzs
702 2089 768 2110 ΑΜ)
790 2080 944 2110 ΥΛκιουε
965 2079 1151 2109 READINGS.

266 2159 280 2179 ³
295 2159 324 2191 Α
341 2159 529 2200 principia]
549 2159 640 2190 Here
651 2168 838 2190 commence

218 2207 274 2238 the
303 2206 401 2238 MSS.
426 2206 564 2237 marked
587 2205 630 2237 A.
648 2206 693 2236 D.
720 2206 761 2237 E.
789 2205 836 2236 H.

221 2254 250 2284 L
265 2256 297 2292 2,
315 2253 357 2284 Ρ.
375 2254 415 2287 Q.
427 2254 470 2284 R.
495 2253 560 2283 and
577 2253 631 2283 the
658 2252 782 2283 edition
807 2262 836 2283 α.

221 2300 286 2330 For
294 2300 348 2330 the
360 2299 505 2329 Editor's
513 2299 739 2330 observations
749 2308 838 2337 upon

221 2346 276 2377 the
297 2346 498 2385 chronology
522 2345 558 2375 of
577 2346 643 2377 this
660 2345 767 2383 work,
783 2345 838 2375 the

222 2393 340 2424 reader
356 2393 384 2423 is
401 2392 544 2422 referred
563 2395 595 2422 to
611 2392 666 2422 the
685 2391 838 2423 Presace.

269 2438 281 2457 ⁴¹
305 2438 395 2469 Αηηί
410 2438 524 2478 2242]
549 2440 647 2477 2042,
666 2449 696 2470 α.

269 2484 281 2502 ⁵
305 2485 394 2515 Anni
411 2484 504 2524 942]
530 2487 605 2522 842,
625 2485 665 2516 Ε.

270 2530 283 2549 ⁶
306 2531 395 2562 Anni
411 2531 503 2570 640.]
528 2533 604 2569 600,
619 2540 649 2561 α.

271 2575 284 2599 7
308 2577 444 2617 David]
484 2577 690 2607 Salomonem
717 2579 750 2605 et
774 2575 840 2614 pri-

223 2635 311 2656 mam
339 2624 591 2654 aedificationem
607 2622 737 2661 Templi
762 2622 839 2652 anni

224 2674 288 2703 488
303 2682 311 2709 ;
328 2682 347 2701 a
358 2670 531 2701 Salomone
544 2679 650 2708 usque
667 2668 710 2699 ad
719 2668 746 2698 T
750 2678 840 2698 rans-

224 2718 452 2758 migrationem
470 2715 513 2757 (2²)
525 2716 668 2754 Templi,
684 2725 760 2753 quae
777 2715 840 2745 sub

224 2765 330 2795 Dario
357 2773 433 2803 rege
454 2763 634 2793 Persarum
665 2761 755 2792 sacta
778 2764 841 2800 est,

224 2811 301 2842 anni
318 2813 381 2841 512
397 2813 642 2849 computantur.
694 2809 798 2839 Porro
821 2818 840 2837 a

225 2858 330 2888 Dario
360 2866 465 2896 usque
496 2856 539 2887 ad
570 2855 840 2896 praedicationem

874 2157 1010 2196 Christi,
1035 2160 1068 2187 et
1091 2165 1198 2195 usque
1229 2155 1272 2186 ad
1298 2157 1336 2185 15
1365 2164 1487 2185 annum

874 2204 1005 2243 imperii
1036 2203 1243 2242 imperatoris
1272 2202 1397 2232 Tiberii
1430 2211 1488 2231 ex-

874 2251 1007 2289 plentur
1031 2250 1109 2280 anui
1133 2252 1208 2288 548,
1224 2249 1271 2279 ita
1291 2248 1389 2279 simul
1406 2248 1488 2278 fiunt

873 2298 915 2327 ab
925 2296 1035 2327 Adam
1043 2306 1151 2335 usque
1164 2295 1207 2326 ad
1218 2294 1488 2334 praedicationem

874 2343 999 2374 Christi
1016 2346 1047 2373 et
1060 2345 1097 2373 15
1109 2352 1231 2373 annum
1244 2341 1374 2380 imperii
1386 2341 1488 2379 impe-

874 2390 993 2420 ratoris
1008 2390 1133 2419 Tiberii
1149 2391 1245 2419 5228.
1291 2388 1322 2417 Α
1333 2388 1488 2425 passione

875 2436 1000 2467 Christi
1018 2436 1145 2474 peracti
1168 2437 1245 2465 sunt
1260 2434 1337 2464 anni
1353 2436 1429 2471 946,
1446 2433 1488 2463 ab

875 2483 1099 2513 incarnatione
1144 2484 1255 2511 autem
1299 2481 1373 2518 ejus
1412 2482 1490 2509 sunt

875 2529 951 2559 anni
974 2530 1051 2566 976,
1068 2530 1101 2557 et
1124 2531 1142 2557 5
1169 2535 1275 2557 annus
1298 2524 1489 2555 Eadmundi

875 2575 963 2613 regis
987 2573 1184 2611 Anglorum.
1243 2571 1357 2602 Prima
1388 2571 1490 2610 igitur

876 2625 970 2659 aetas,
986 2619 1057 2661 (see
1073 2619 1090 2659 ξ
1106 2617 1154 2656 6.)
1171 2629 1200 2650 ιι.

922 2666 934 2685 ⁹
953 2667 1037 2697 Sunt
1054 2666 1145 2705 569.]
1163 2667 1239 2703 579,
1258 2664 1358 2695 G.N.

925 2711 947 2731 ¹¹
979 2713 1064 2743 Sunt
1096 2711 1210 2751 4879]
1247 2713 1346 2748 4779,
1373 2709 1418 2741 D.
1448 2710 1487 2740 E.

877 2760 925 2791 H.
943 2759 988 2790 K.
1007 2759 1049 2790 P.
1069 2758 1098 2789 b.
1116 2769 1124 2797 ς
1148 2760 1246 2797 4789,
1265 2757 1308 2788 G.
1328 2757 1372 2787 N.

924 2804 949 2824 ¹³
985 2805 1165 2842 Quingenti
1202 2803 1374 2843 sea-aginta
1404 2801 1490 2841 scau]

877 2856 952 2892 563,
971 2853 1014 2884 D.
1032 2852 1073 2883 Ε.
1095 2852 1138 2883 G.
1157 2851 1204 2882 11.
1223 2851 1265 2881 P.
1285 2850 1326 2881 R.
